%YAML 1.1
%TAG !u! tag:unity3d.com,2011:
--- !u!1001 &100100000
Prefab:
  m_ObjectHideFlags: 1
  serializedVersion: 2
  m_Modification:
    m_TransformParent: {fileID: 0}
    m_Modifications: []
    m_RemovedComponents: []
  m_ParentPrefab: {fileID: 0}
  m_RootGameObject: {fileID: 1415412875961232}
  m_IsPrefabParent: 1
--- !u!1 &1415412875961232
GameObject:
  m_ObjectHideFlags: 0
  m_PrefabParentObject: {fileID: 0}
  m_PrefabInternal: {fileID: 100100000}
  serializedVersion: 5
  m_Component:
  - component: {fileID: 4373801771081296}
  - component: {fileID: 114189404655012332}
  m_Layer: 0
  m_Name: IAPController
  m_TagString: Untagged
  m_Icon: {fileID: 0}
  m_NavMeshLayer: 0
  m_StaticEditorFlags: 0
  m_IsActive: 1
--- !u!1 &1448805718093792
GameObject:
  m_ObjectHideFlags: 0
  m_PrefabParentObject: {fileID: 0}
  m_PrefabInternal: {fileID: 100100000}
  serializedVersion: 5
  m_Component:
  - component: {fileID: 4722048699024060}
  - component: {fileID: 114317776107637962}
  - component: {fileID: 114839361027319422}
  m_Layer: 0
  m_Name: NoAdsIAP
  m_TagString: Untagged
  m_Icon: {fileID: 0}
  m_NavMeshLayer: 0
  m_StaticEditorFlags: 0
  m_IsActive: 1
--- !u!4 &4373801771081296
Transform:
  m_ObjectHideFlags: 1
  m_PrefabParentObject: {fileID: 0}
  m_PrefabInternal: {fileID: 100100000}
  m_GameObject: {fileID: 1415412875961232}
  m_LocalRotation: {x: 0, y: 0, z: 0, w: 1}
  m_LocalPosition: {x: 0, y: 0, z: 0}
  m_LocalScale: {x: 1, y: 1, z: 1}
  m_Children:
  - {fileID: 4722048699024060}
  m_Father: {fileID: 0}
  m_RootOrder: 0
  m_LocalEulerAnglesHint: {x: 0, y: 0, z: 0}
--- !u!4 &4722048699024060
Transform:
  m_ObjectHideFlags: 1
  m_PrefabParentObject: {fileID: 0}
  m_PrefabInternal: {fileID: 100100000}
  m_GameObject: {fileID: 1448805718093792}
  m_LocalRotation: {x: 0, y: 0, z: 0, w: 1}
  m_LocalPosition: {x: 0, y: 0, z: 0}
  m_LocalScale: {x: 1, y: 1, z: 1}
  m_Children: []
  m_Father: {fileID: 4373801771081296}
  m_RootOrder: 0
  m_LocalEulerAnglesHint: {x: 0, y: 0, z: 0}
--- !u!114 &114189404655012332
MonoBehaviour:
  m_ObjectHideFlags: 1
  m_PrefabParentObject: {fileID: 0}
  m_PrefabInternal: {fileID: 100100000}
  m_GameObject: {fileID: 1415412875961232}
  m_Enabled: 1
  m_EditorHideFlags: 0
  m_Script: {fileID: 11500000, guid: 60f53d855c1260241b8d115e98702c8b, type: 3}
  m_Name: 
  m_EditorClassIdentifier: 
  iaps:
  - {fileID: 114317776107637962}
  googleKey: MIIBIjANBgkqhkiG9w0BAQEFAAOCAQ8AMIIBCgKCAQEAp6QSq7Z0fnq8QfCHo4JPZjJVINEv5QSH9ijCmPzv7wIAzdfgAAxTbW0thGss29cW9pLi6lZDMmQ+ZWjbVRHoK5YlNUCyzldYOiWEhlD2XUW+zwRvjKXl98mdFthwssz9RHJzE5MCbLA9+oI4X/42eOk8kX7OJb3d/R4yZdLEnrhlCyoJBdaLPP0r7I5hF5IQBL/lZaImjGQ3X+8B6Z16kU+FKyCz/3DD9RcXFh4X4pZ7Fdr5hxdySujtG/P2+4HZ+uCpiO22EpHPfg7qrUlJ8qDCAeChvVNddUK0NqvKuKF1bVhsGk4t5i1mZQttnQwQAXawpBmUbvxg4chiX1iSWQIDAQAB
  block: {fileID: 0}
  log: {fileID: 0}
--- !u!114 &114317776107637962
MonoBehaviour:
  m_ObjectHideFlags: 1
  m_PrefabParentObject: {fileID: 0}
  m_PrefabInternal: {fileID: 100100000}
  m_GameObject: {fileID: 1448805718093792}
  m_Enabled: 1
  m_EditorHideFlags: 0
  m_Script: {fileID: 11500000, guid: f550992853bf1d94c9230f3bf8cdacd4, type: 3}
  m_Name: 
  m_EditorClassIdentifier: 
  iapName: noads
  iapid: 0
  lblPrice: {fileID: 0}
  onPurchased:
    m_PersistentCalls:
      m_Calls:
      - m_Target: {fileID: 114839361027319422}
        m_MethodName: NoAds
        m_Mode: 1
        m_Arguments:
          m_ObjectArgument: {fileID: 0}
          m_ObjectArgumentAssemblyTypeName: UnityEngine.Object, UnityEngine
          m_IntArgument: 0
          m_FloatArgument: 0
          m_StringArgument: 
          m_BoolArgument: 0
        m_CallState: 2
    m_TypeName: UnityEngine.Events.UnityEvent, UnityEngine, Version=0.0.0.0, Culture=neutral,
      PublicKeyToken=null
  avaliable: 0
  nonconsumable: 1
--- !u!114 &114839361027319422
MonoBehaviour:
  m_ObjectHideFlags: 1
  m_PrefabParentObject: {fileID: 0}
  m_PrefabInternal: {fileID: 100100000}
  m_GameObject: {fileID: 1448805718093792}
  m_Enabled: 1
  m_EditorHideFlags: 0
  m_Script: {fileID: 11500000, guid: 0639f5b17a54c584ab1b447c1dd21e83, type: 3}
  m_Name: 
  m_EditorClassIdentifier: 
  restoreButton: {fileID: 0}
