%YAML 1.1
%TAG !u! tag:unity3d.com,2011:
--- !u!1 &2069024105739239486
GameObject:
  m_ObjectHideFlags: 0
  m_CorrespondingSourceObject: {fileID: 0}
  m_PrefabInstance: {fileID: 0}
  m_PrefabAsset: {fileID: 0}
  serializedVersion: 6
  m_Component:
  - component: {fileID: 2069024105739239480}
  - component: {fileID: 2069024105739239487}
  m_Layer: 0
  m_Name: Task49 (76)
  m_TagString: Untagged
  m_Icon: {fileID: 0}
  m_NavMeshLayer: 0
  m_StaticEditorFlags: 0
  m_IsActive: 1
--- !u!4 &2069024105739239480
Transform:
  m_ObjectHideFlags: 0
  m_CorrespondingSourceObject: {fileID: 0}
  m_PrefabInstance: {fileID: 0}
  m_PrefabAsset: {fileID: 0}
  m_GameObject: {fileID: 2069024105739239486}
  m_LocalRotation: {x: -0, y: -0, z: -0, w: 1}
  m_LocalPosition: {x: 0, y: 0, z: 0}
  m_LocalScale: {x: 1, y: 1, z: 1}
  m_Children:
  - {fileID: 4948654892212816784}
  - {fileID: 5153142647724610138}
  - {fileID: 6211450190392893678}
  m_Father: {fileID: 0}
  m_RootOrder: 0
  m_LocalEulerAnglesHint: {x: 0, y: 0, z: 0}
--- !u!114 &2069024105739239487
MonoBehaviour:
  m_ObjectHideFlags: 0
  m_CorrespondingSourceObject: {fileID: 0}
  m_PrefabInstance: {fileID: 0}
  m_PrefabAsset: {fileID: 0}
  m_GameObject: {fileID: 2069024105739239486}
  m_Enabled: 1
  m_EditorHideFlags: 0
  m_Script: {fileID: 11500000, guid: a966cb47805e2a74b95383c4b5f056fd, type: 3}
  m_Name: 
  m_EditorClassIdentifier: 
  taskName: Who wants supplements.
  wishes:
  - {fileID: 5584686756688831030, guid: 34ae343382b736e4f834c55be392c52f, type: 3}
  - {fileID: -8476802559250378359, guid: f35734aed3cb6cd4d8f4de29b4b9cac5, type: 3}
  - {fileID: 8190990634813944315, guid: 824948b08c291514c98224d65f0eb491, type: 3}
  - {fileID: 7504502117698455550, guid: a87b51f39cc46e64b850c43a65e28d7f, type: 3}
  - {fileID: -8476802559250378359, guid: f35734aed3cb6cd4d8f4de29b4b9cac5, type: 3}
  - {fileID: 7012274683389624711, guid: e5f7efbdc2bd5c84a9f2acfbaef7fd46, type: 3}
  needs:
  - {fileID: 4948654892212816785}
  - {fileID: 5153142647724610137}
  - {fileID: 6211450190392893679}
  toInstantiate:
  - {fileID: 6265388990175332810, guid: ef4f4f3aae14bfb43a63c71372eae99c, type: 3}
  - {fileID: 4922880358435176582, guid: 743b9ece1202a59419e0a90951c08e34, type: 3}
  - {fileID: 5858154433238047952, guid: 58affcb613b80174bbba71237d5ca167, type: 3}
  tutor: {fileID: 0}
  boosters:
  - {fileID: 7779506366929946023, guid: 20757d25ebc3fb8479c9794a8db2c62f, type: 3}
  - {fileID: 7779506366929946023, guid: 9691fc34bddc03841b40af52b1038de7, type: 3}
  - {fileID: 7779506366929946023, guid: be8d6162e76dcf547a222ae553346a4b, type: 3}
--- !u!1001 &1648679170905302552
PrefabInstance:
  m_ObjectHideFlags: 0
  serializedVersion: 2
  m_Modification:
    m_TransformParent: {fileID: 2069024105739239480}
    m_Modifications:
    - target: {fileID: 5864508148956525635, guid: 7427f4a338403dc4b8d43d04d807c897,
        type: 3}
      propertyPath: m_Name
      value: GuestMood
      objectReference: {fileID: 0}
    - target: {fileID: 5864508148956525634, guid: 7427f4a338403dc4b8d43d04d807c897,
        type: 3}
      propertyPath: m_LocalPosition.x
      value: 0
      objectReference: {fileID: 0}
    - target: {fileID: 5864508148956525634, guid: 7427f4a338403dc4b8d43d04d807c897,
        type: 3}
      propertyPath: m_LocalPosition.y
      value: 0
      objectReference: {fileID: 0}
    - target: {fileID: 5864508148956525634, guid: 7427f4a338403dc4b8d43d04d807c897,
        type: 3}
      propertyPath: m_LocalPosition.z
      value: 0
      objectReference: {fileID: 0}
    - target: {fileID: 5864508148956525634, guid: 7427f4a338403dc4b8d43d04d807c897,
        type: 3}
      propertyPath: m_LocalRotation.x
      value: 0
      objectReference: {fileID: 0}
    - target: {fileID: 5864508148956525634, guid: 7427f4a338403dc4b8d43d04d807c897,
        type: 3}
      propertyPath: m_LocalRotation.y
      value: 0
      objectReference: {fileID: 0}
    - target: {fileID: 5864508148956525634, guid: 7427f4a338403dc4b8d43d04d807c897,
        type: 3}
      propertyPath: m_LocalRotation.z
      value: 0
      objectReference: {fileID: 0}
    - target: {fileID: 5864508148956525634, guid: 7427f4a338403dc4b8d43d04d807c897,
        type: 3}
      propertyPath: m_LocalRotation.w
      value: 1
      objectReference: {fileID: 0}
    - target: {fileID: 5864508148956525634, guid: 7427f4a338403dc4b8d43d04d807c897,
        type: 3}
      propertyPath: m_RootOrder
      value: 1
      objectReference: {fileID: 0}
    - target: {fileID: 5864508148956525634, guid: 7427f4a338403dc4b8d43d04d807c897,
        type: 3}
      propertyPath: m_LocalEulerAnglesHint.x
      value: 0
      objectReference: {fileID: 0}
    - target: {fileID: 5864508148956525634, guid: 7427f4a338403dc4b8d43d04d807c897,
        type: 3}
      propertyPath: m_LocalEulerAnglesHint.y
      value: 0
      objectReference: {fileID: 0}
    - target: {fileID: 5864508148956525634, guid: 7427f4a338403dc4b8d43d04d807c897,
        type: 3}
      propertyPath: m_LocalEulerAnglesHint.z
      value: 0
      objectReference: {fileID: 0}
    m_RemovedComponents: []
  m_SourcePrefab: {fileID: 100100000, guid: 7427f4a338403dc4b8d43d04d807c897, type: 3}
--- !u!4 &5153142647724610138 stripped
Transform:
  m_CorrespondingSourceObject: {fileID: 5864508148956525634, guid: 7427f4a338403dc4b8d43d04d807c897,
    type: 3}
  m_PrefabInstance: {fileID: 1648679170905302552}
  m_PrefabAsset: {fileID: 0}
--- !u!114 &5153142647724610137 stripped
MonoBehaviour:
  m_CorrespondingSourceObject: {fileID: 5864508148956525633, guid: 7427f4a338403dc4b8d43d04d807c897,
    type: 3}
  m_PrefabInstance: {fileID: 1648679170905302552}
  m_PrefabAsset: {fileID: 0}
  m_GameObject: {fileID: 0}
  m_Enabled: 1
  m_EditorHideFlags: 0
  m_Script: {fileID: 11500000, guid: fbb965a6f92b19142a13fb0d0c424643, type: 3}
  m_Name: 
  m_EditorClassIdentifier: 
--- !u!1001 &5681725560675990845
PrefabInstance:
  m_ObjectHideFlags: 0
  serializedVersion: 2
  m_Modification:
    m_TransformParent: {fileID: 2069024105739239480}
    m_Modifications:
    - target: {fileID: 1795258682213129677, guid: 471c34d2f316ab54f8614de08ede17a6,
        type: 3}
      propertyPath: m_Name
      value: MomStress
      objectReference: {fileID: 0}
    - target: {fileID: 1795258682213129683, guid: 471c34d2f316ab54f8614de08ede17a6,
        type: 3}
      propertyPath: m_LocalPosition.x
      value: 0
      objectReference: {fileID: 0}
    - target: {fileID: 1795258682213129683, guid: 471c34d2f316ab54f8614de08ede17a6,
        type: 3}
      propertyPath: m_LocalPosition.y
      value: 0
      objectReference: {fileID: 0}
    - target: {fileID: 1795258682213129683, guid: 471c34d2f316ab54f8614de08ede17a6,
        type: 3}
      propertyPath: m_LocalPosition.z
      value: 0
      objectReference: {fileID: 0}
    - target: {fileID: 1795258682213129683, guid: 471c34d2f316ab54f8614de08ede17a6,
        type: 3}
      propertyPath: m_LocalRotation.x
      value: 0
      objectReference: {fileID: 0}
    - target: {fileID: 1795258682213129683, guid: 471c34d2f316ab54f8614de08ede17a6,
        type: 3}
      propertyPath: m_LocalRotation.y
      value: 0
      objectReference: {fileID: 0}
    - target: {fileID: 1795258682213129683, guid: 471c34d2f316ab54f8614de08ede17a6,
        type: 3}
      propertyPath: m_LocalRotation.z
      value: 0
      objectReference: {fileID: 0}
    - target: {fileID: 1795258682213129683, guid: 471c34d2f316ab54f8614de08ede17a6,
        type: 3}
      propertyPath: m_LocalRotation.w
      value: 1
      objectReference: {fileID: 0}
    - target: {fileID: 1795258682213129683, guid: 471c34d2f316ab54f8614de08ede17a6,
        type: 3}
      propertyPath: m_RootOrder
      value: 2
      objectReference: {fileID: 0}
    - target: {fileID: 1795258682213129683, guid: 471c34d2f316ab54f8614de08ede17a6,
        type: 3}
      propertyPath: m_LocalEulerAnglesHint.x
      value: 0
      objectReference: {fileID: 0}
    - target: {fileID: 1795258682213129683, guid: 471c34d2f316ab54f8614de08ede17a6,
        type: 3}
      propertyPath: m_LocalEulerAnglesHint.y
      value: 0
      objectReference: {fileID: 0}
    - target: {fileID: 1795258682213129683, guid: 471c34d2f316ab54f8614de08ede17a6,
        type: 3}
      propertyPath: m_LocalEulerAnglesHint.z
      value: 0
      objectReference: {fileID: 0}
    m_RemovedComponents: []
  m_SourcePrefab: {fileID: 100100000, guid: 471c34d2f316ab54f8614de08ede17a6, type: 3}
--- !u!4 &6211450190392893678 stripped
Transform:
  m_CorrespondingSourceObject: {fileID: 1795258682213129683, guid: 471c34d2f316ab54f8614de08ede17a6,
    type: 3}
  m_PrefabInstance: {fileID: 5681725560675990845}
  m_PrefabAsset: {fileID: 0}
--- !u!114 &6211450190392893679 stripped
MonoBehaviour:
  m_CorrespondingSourceObject: {fileID: 1795258682213129682, guid: 471c34d2f316ab54f8614de08ede17a6,
    type: 3}
  m_PrefabInstance: {fileID: 5681725560675990845}
  m_PrefabAsset: {fileID: 0}
  m_GameObject: {fileID: 0}
  m_Enabled: 1
  m_EditorHideFlags: 0
  m_Script: {fileID: 11500000, guid: 44abb71a0c201234ca82a21344cd5710, type: 3}
  m_Name: 
  m_EditorClassIdentifier: 
--- !u!1001 &8028568188414763025
PrefabInstance:
  m_ObjectHideFlags: 0
  serializedVersion: 2
  m_Modification:
    m_TransformParent: {fileID: 2069024105739239480}
    m_Modifications:
    - target: {fileID: 3154229879896976263, guid: 47dbb953fe28ecc4797617be574ff73b,
        type: 3}
      propertyPath: m_Name
      value: BabeMood
      objectReference: {fileID: 0}
    - target: {fileID: 3154229879896976256, guid: 47dbb953fe28ecc4797617be574ff73b,
        type: 3}
      propertyPath: speed
      value: 0.006
      objectReference: {fileID: 0}
    - target: {fileID: 3154229879896976257, guid: 47dbb953fe28ecc4797617be574ff73b,
        type: 3}
      propertyPath: m_LocalPosition.x
      value: 0
      objectReference: {fileID: 0}
    - target: {fileID: 3154229879896976257, guid: 47dbb953fe28ecc4797617be574ff73b,
        type: 3}
      propertyPath: m_LocalPosition.y
      value: 0
      objectReference: {fileID: 0}
    - target: {fileID: 3154229879896976257, guid: 47dbb953fe28ecc4797617be574ff73b,
        type: 3}
      propertyPath: m_LocalPosition.z
      value: 0
      objectReference: {fileID: 0}
    - target: {fileID: 3154229879896976257, guid: 47dbb953fe28ecc4797617be574ff73b,
        type: 3}
      propertyPath: m_LocalRotation.x
      value: 0
      objectReference: {fileID: 0}
    - target: {fileID: 3154229879896976257, guid: 47dbb953fe28ecc4797617be574ff73b,
        type: 3}
      propertyPath: m_LocalRotation.y
      value: 0
      objectReference: {fileID: 0}
    - target: {fileID: 3154229879896976257, guid: 47dbb953fe28ecc4797617be574ff73b,
        type: 3}
      propertyPath: m_LocalRotation.z
      value: 0
      objectReference: {fileID: 0}
    - target: {fileID: 3154229879896976257, guid: 47dbb953fe28ecc4797617be574ff73b,
        type: 3}
      propertyPath: m_LocalRotation.w
      value: 1
      objectReference: {fileID: 0}
    - target: {fileID: 3154229879896976257, guid: 47dbb953fe28ecc4797617be574ff73b,
        type: 3}
      propertyPath: m_RootOrder
      value: 0
      objectReference: {fileID: 0}
    - target: {fileID: 3154229879896976257, guid: 47dbb953fe28ecc4797617be574ff73b,
        type: 3}
      propertyPath: m_LocalEulerAnglesHint.x
      value: 0
      objectReference: {fileID: 0}
    - target: {fileID: 3154229879896976257, guid: 47dbb953fe28ecc4797617be574ff73b,
        type: 3}
      propertyPath: m_LocalEulerAnglesHint.y
      value: 0
      objectReference: {fileID: 0}
    - target: {fileID: 3154229879896976257, guid: 47dbb953fe28ecc4797617be574ff73b,
        type: 3}
      propertyPath: m_LocalEulerAnglesHint.z
      value: 0
      objectReference: {fileID: 0}
    m_RemovedComponents: []
  m_SourcePrefab: {fileID: 100100000, guid: 47dbb953fe28ecc4797617be574ff73b, type: 3}
--- !u!4 &4948654892212816784 stripped
Transform:
  m_CorrespondingSourceObject: {fileID: 3154229879896976257, guid: 47dbb953fe28ecc4797617be574ff73b,
    type: 3}
  m_PrefabInstance: {fileID: 8028568188414763025}
  m_PrefabAsset: {fileID: 0}
--- !u!114 &4948654892212816785 stripped
MonoBehaviour:
  m_CorrespondingSourceObject: {fileID: 3154229879896976256, guid: 47dbb953fe28ecc4797617be574ff73b,
    type: 3}
  m_PrefabInstance: {fileID: 8028568188414763025}
  m_PrefabAsset: {fileID: 0}
  m_GameObject: {fileID: 0}
  m_Enabled: 1
  m_EditorHideFlags: 0
  m_Script: {fileID: 11500000, guid: 890668f40c69c5040a0106aedd56ba11, type: 3}
  m_Name: 
  m_EditorClassIdentifier: 
