%YAML 1.1
%TAG !u! tag:unity3d.com,2011:
--- !u!1 &2069024105739239486
GameObject:
  m_ObjectHideFlags: 0
  m_CorrespondingSourceObject: {fileID: 0}
  m_PrefabInstance: {fileID: 0}
  m_PrefabAsset: {fileID: 0}
  serializedVersion: 6
  m_Component:
  - component: {fileID: 2069024105739239480}
  - component: {fileID: 2069024105739239487}
  m_Layer: 0
  m_Name: Task20 (32)
  m_TagString: Untagged
  m_Icon: {fileID: 0}
  m_NavMeshLayer: 0
  m_StaticEditorFlags: 0
  m_IsActive: 1
--- !u!4 &2069024105739239480
Transform:
  m_ObjectHideFlags: 0
  m_CorrespondingSourceObject: {fileID: 0}
  m_PrefabInstance: {fileID: 0}
  m_PrefabAsset: {fileID: 0}
  m_GameObject: {fileID: 2069024105739239486}
  m_LocalRotation: {x: -0, y: -0, z: -0, w: 1}
  m_LocalPosition: {x: 0, y: 0, z: 0}
  m_LocalScale: {x: 1, y: 1, z: 1}
  m_Children:
  - {fileID: 4948654892212816784}
  - {fileID: 8498032719664702036}
  m_Father: {fileID: 0}
  m_RootOrder: 0
  m_LocalEulerAnglesHint: {x: 0, y: 0, z: 0}
--- !u!114 &2069024105739239487
MonoBehaviour:
  m_ObjectHideFlags: 0
  m_CorrespondingSourceObject: {fileID: 0}
  m_PrefabInstance: {fileID: 0}
  m_PrefabAsset: {fileID: 0}
  m_GameObject: {fileID: 2069024105739239486}
  m_Enabled: 1
  m_EditorHideFlags: 0
  m_Script: {fileID: 11500000, guid: a966cb47805e2a74b95383c4b5f056fd, type: 3}
  m_Name: 
  m_EditorClassIdentifier: 
  taskName: Food poisoning.
  wishes:
  - {fileID: 5584686756688831030, guid: 34ae343382b736e4f834c55be392c52f, type: 3}
  - {fileID: 7504502117698455550, guid: a87b51f39cc46e64b850c43a65e28d7f, type: 3}
  - {fileID: -8476802559250378359, guid: f35734aed3cb6cd4d8f4de29b4b9cac5, type: 3}
  - {fileID: 8190990634813944315, guid: 824948b08c291514c98224d65f0eb491, type: 3}
  - {fileID: -8476802559250378359, guid: f35734aed3cb6cd4d8f4de29b4b9cac5, type: 3}
  - {fileID: 7012274683389624711, guid: e5f7efbdc2bd5c84a9f2acfbaef7fd46, type: 3}
  needs:
  - {fileID: 4948654892212816785}
  - {fileID: 3530175496466628957, guid: 1bb6742fe810e4a4d999c3951f72639c, type: 3}
  toInstantiate:
  - {fileID: 218439402362278155, guid: 17de351042c16e34fa50a9e8a12c1fc7, type: 3}
  tutor: {fileID: 0}
  boosters:
  - {fileID: 7779506366929946023, guid: 20757d25ebc3fb8479c9794a8db2c62f, type: 3}
  - {fileID: 7779506366929946023, guid: 7eb68547729ceab4587b48f12c12aaff, type: 3}
  - {fileID: 7779506366929946023, guid: fb6874749cd7189448793902f9b099c5, type: 3}
--- !u!1001 &4977216816086278922
PrefabInstance:
  m_ObjectHideFlags: 0
  serializedVersion: 2
  m_Modification:
    m_TransformParent: {fileID: 2069024105739239480}
    m_Modifications:
    - target: {fileID: 3530175496466628959, guid: 1bb6742fe810e4a4d999c3951f72639c,
        type: 3}
      propertyPath: m_Name
      value: MomHungry
      objectReference: {fileID: 0}
    - target: {fileID: 3530175496466628958, guid: 1bb6742fe810e4a4d999c3951f72639c,
        type: 3}
      propertyPath: m_LocalPosition.x
      value: 0
      objectReference: {fileID: 0}
    - target: {fileID: 3530175496466628958, guid: 1bb6742fe810e4a4d999c3951f72639c,
        type: 3}
      propertyPath: m_LocalPosition.y
      value: 0
      objectReference: {fileID: 0}
    - target: {fileID: 3530175496466628958, guid: 1bb6742fe810e4a4d999c3951f72639c,
        type: 3}
      propertyPath: m_LocalPosition.z
      value: 0
      objectReference: {fileID: 0}
    - target: {fileID: 3530175496466628958, guid: 1bb6742fe810e4a4d999c3951f72639c,
        type: 3}
      propertyPath: m_LocalRotation.x
      value: 0
      objectReference: {fileID: 0}
    - target: {fileID: 3530175496466628958, guid: 1bb6742fe810e4a4d999c3951f72639c,
        type: 3}
      propertyPath: m_LocalRotation.y
      value: 0
      objectReference: {fileID: 0}
    - target: {fileID: 3530175496466628958, guid: 1bb6742fe810e4a4d999c3951f72639c,
        type: 3}
      propertyPath: m_LocalRotation.z
      value: 0
      objectReference: {fileID: 0}
    - target: {fileID: 3530175496466628958, guid: 1bb6742fe810e4a4d999c3951f72639c,
        type: 3}
      propertyPath: m_LocalRotation.w
      value: 1
      objectReference: {fileID: 0}
    - target: {fileID: 3530175496466628958, guid: 1bb6742fe810e4a4d999c3951f72639c,
        type: 3}
      propertyPath: m_RootOrder
      value: 1
      objectReference: {fileID: 0}
    - target: {fileID: 3530175496466628958, guid: 1bb6742fe810e4a4d999c3951f72639c,
        type: 3}
      propertyPath: m_LocalEulerAnglesHint.x
      value: 0
      objectReference: {fileID: 0}
    - target: {fileID: 3530175496466628958, guid: 1bb6742fe810e4a4d999c3951f72639c,
        type: 3}
      propertyPath: m_LocalEulerAnglesHint.y
      value: 0
      objectReference: {fileID: 0}
    - target: {fileID: 3530175496466628958, guid: 1bb6742fe810e4a4d999c3951f72639c,
        type: 3}
      propertyPath: m_LocalEulerAnglesHint.z
      value: 0
      objectReference: {fileID: 0}
    m_RemovedComponents: []
  m_SourcePrefab: {fileID: 100100000, guid: 1bb6742fe810e4a4d999c3951f72639c, type: 3}
--- !u!4 &8498032719664702036 stripped
Transform:
  m_CorrespondingSourceObject: {fileID: 3530175496466628958, guid: 1bb6742fe810e4a4d999c3951f72639c,
    type: 3}
  m_PrefabInstance: {fileID: 4977216816086278922}
  m_PrefabAsset: {fileID: 0}
--- !u!1001 &8028568188414763025
PrefabInstance:
  m_ObjectHideFlags: 0
  serializedVersion: 2
  m_Modification:
    m_TransformParent: {fileID: 2069024105739239480}
    m_Modifications:
    - target: {fileID: 3154229879896976263, guid: 47dbb953fe28ecc4797617be574ff73b,
        type: 3}
      propertyPath: m_Name
      value: BabeMood
      objectReference: {fileID: 0}
    - target: {fileID: 3154229879896976256, guid: 47dbb953fe28ecc4797617be574ff73b,
        type: 3}
      propertyPath: speed
      value: 0.0065
      objectReference: {fileID: 0}
    - target: {fileID: 3154229879896976257, guid: 47dbb953fe28ecc4797617be574ff73b,
        type: 3}
      propertyPath: m_LocalPosition.x
      value: 0
      objectReference: {fileID: 0}
    - target: {fileID: 3154229879896976257, guid: 47dbb953fe28ecc4797617be574ff73b,
        type: 3}
      propertyPath: m_LocalPosition.y
      value: 0
      objectReference: {fileID: 0}
    - target: {fileID: 3154229879896976257, guid: 47dbb953fe28ecc4797617be574ff73b,
        type: 3}
      propertyPath: m_LocalPosition.z
      value: 0
      objectReference: {fileID: 0}
    - target: {fileID: 3154229879896976257, guid: 47dbb953fe28ecc4797617be574ff73b,
        type: 3}
      propertyPath: m_LocalRotation.x
      value: 0
      objectReference: {fileID: 0}
    - target: {fileID: 3154229879896976257, guid: 47dbb953fe28ecc4797617be574ff73b,
        type: 3}
      propertyPath: m_LocalRotation.y
      value: 0
      objectReference: {fileID: 0}
    - target: {fileID: 3154229879896976257, guid: 47dbb953fe28ecc4797617be574ff73b,
        type: 3}
      propertyPath: m_LocalRotation.z
      value: 0
      objectReference: {fileID: 0}
    - target: {fileID: 3154229879896976257, guid: 47dbb953fe28ecc4797617be574ff73b,
        type: 3}
      propertyPath: m_LocalRotation.w
      value: 1
      objectReference: {fileID: 0}
    - target: {fileID: 3154229879896976257, guid: 47dbb953fe28ecc4797617be574ff73b,
        type: 3}
      propertyPath: m_RootOrder
      value: 0
      objectReference: {fileID: 0}
    - target: {fileID: 3154229879896976257, guid: 47dbb953fe28ecc4797617be574ff73b,
        type: 3}
      propertyPath: m_LocalEulerAnglesHint.x
      value: 0
      objectReference: {fileID: 0}
    - target: {fileID: 3154229879896976257, guid: 47dbb953fe28ecc4797617be574ff73b,
        type: 3}
      propertyPath: m_LocalEulerAnglesHint.y
      value: 0
      objectReference: {fileID: 0}
    - target: {fileID: 3154229879896976257, guid: 47dbb953fe28ecc4797617be574ff73b,
        type: 3}
      propertyPath: m_LocalEulerAnglesHint.z
      value: 0
      objectReference: {fileID: 0}
    m_RemovedComponents: []
  m_SourcePrefab: {fileID: 100100000, guid: 47dbb953fe28ecc4797617be574ff73b, type: 3}
--- !u!4 &4948654892212816784 stripped
Transform:
  m_CorrespondingSourceObject: {fileID: 3154229879896976257, guid: 47dbb953fe28ecc4797617be574ff73b,
    type: 3}
  m_PrefabInstance: {fileID: 8028568188414763025}
  m_PrefabAsset: {fileID: 0}
--- !u!114 &4948654892212816785 stripped
MonoBehaviour:
  m_CorrespondingSourceObject: {fileID: 3154229879896976256, guid: 47dbb953fe28ecc4797617be574ff73b,
    type: 3}
  m_PrefabInstance: {fileID: 8028568188414763025}
  m_PrefabAsset: {fileID: 0}
  m_GameObject: {fileID: 0}
  m_Enabled: 1
  m_EditorHideFlags: 0
  m_Script: {fileID: 11500000, guid: 890668f40c69c5040a0106aedd56ba11, type: 3}
  m_Name: 
  m_EditorClassIdentifier: 
