%YAML 1.1
%TAG !u! tag:unity3d.com,2011:
--- !u!1 &2069024105739239486
GameObject:
  m_ObjectHideFlags: 0
  m_CorrespondingSourceObject: {fileID: 0}
  m_PrefabInstance: {fileID: 0}
  m_PrefabAsset: {fileID: 0}
  serializedVersion: 6
  m_Component:
  - component: {fileID: 2069024105739239480}
  - component: {fileID: 2069024105739239487}
  m_Layer: 0
  m_Name: Task31d (49)
  m_TagString: Untagged
  m_Icon: {fileID: 0}
  m_NavMeshLayer: 0
  m_StaticEditorFlags: 0
  m_IsActive: 1
--- !u!4 &2069024105739239480
Transform:
  m_ObjectHideFlags: 0
  m_CorrespondingSourceObject: {fileID: 0}
  m_PrefabInstance: {fileID: 0}
  m_PrefabAsset: {fileID: 0}
  m_GameObject: {fileID: 2069024105739239486}
  m_LocalRotation: {x: -0, y: -0, z: -0, w: 1}
  m_LocalPosition: {x: 0, y: 0, z: 0}
  m_LocalScale: {x: 1, y: 1, z: 1}
  m_Children:
  - {fileID: 4948654892212816784}
  - {fileID: 3786058046382584399}
  - {fileID: 8093646814446613386}
  m_Father: {fileID: 0}
  m_RootOrder: 0
  m_LocalEulerAnglesHint: {x: 0, y: 0, z: 0}
--- !u!114 &2069024105739239487
MonoBehaviour:
  m_ObjectHideFlags: 0
  m_CorrespondingSourceObject: {fileID: 0}
  m_PrefabInstance: {fileID: 0}
  m_PrefabAsset: {fileID: 0}
  m_GameObject: {fileID: 2069024105739239486}
  m_Enabled: 1
  m_EditorHideFlags: 0
  m_Script: {fileID: 11500000, guid: a966cb47805e2a74b95383c4b5f056fd, type: 3}
  m_Name: 
  m_EditorClassIdentifier: 
  taskName: Long weekdays.
  wishes:
  - {fileID: -8476802559250378359, guid: f35734aed3cb6cd4d8f4de29b4b9cac5, type: 3}
  - {fileID: 7504502117698455550, guid: a87b51f39cc46e64b850c43a65e28d7f, type: 3}
  - {fileID: -8476802559250378359, guid: f35734aed3cb6cd4d8f4de29b4b9cac5, type: 3}
  - {fileID: 5584686756688831030, guid: 34ae343382b736e4f834c55be392c52f, type: 3}
  - {fileID: 7012274683389624711, guid: e5f7efbdc2bd5c84a9f2acfbaef7fd46, type: 3}
  needs:
  - {fileID: 4948654892212816785}
  - {fileID: 3786058046382584396}
  - {fileID: 8093646814446613385}
  toInstantiate: []
  tutor: {fileID: 0}
  boosters:
  - {fileID: 7779506366929946023, guid: 20757d25ebc3fb8479c9794a8db2c62f, type: 3}
  - {fileID: 7779506366929946023, guid: dbc9ea01b0adf564b8fc2c63891d2c01, type: 3}
  - {fileID: 7779506366929946023, guid: 87722348a0f8d7140ad181addce09cce, type: 3}
--- !u!1001 &2106622940201852286
PrefabInstance:
  m_ObjectHideFlags: 0
  serializedVersion: 2
  m_Modification:
    m_TransformParent: {fileID: 2069024105739239480}
    m_Modifications:
    - target: {fileID: 7885330717128027894, guid: d03fd9d30c8d6cb42aa518704ccddeed,
        type: 3}
      propertyPath: m_Name
      value: MomPep
      objectReference: {fileID: 0}
    - target: {fileID: 7885330717128027892, guid: d03fd9d30c8d6cb42aa518704ccddeed,
        type: 3}
      propertyPath: m_LocalPosition.x
      value: 0
      objectReference: {fileID: 0}
    - target: {fileID: 7885330717128027892, guid: d03fd9d30c8d6cb42aa518704ccddeed,
        type: 3}
      propertyPath: m_LocalPosition.y
      value: 0
      objectReference: {fileID: 0}
    - target: {fileID: 7885330717128027892, guid: d03fd9d30c8d6cb42aa518704ccddeed,
        type: 3}
      propertyPath: m_LocalPosition.z
      value: 0
      objectReference: {fileID: 0}
    - target: {fileID: 7885330717128027892, guid: d03fd9d30c8d6cb42aa518704ccddeed,
        type: 3}
      propertyPath: m_LocalRotation.x
      value: 0
      objectReference: {fileID: 0}
    - target: {fileID: 7885330717128027892, guid: d03fd9d30c8d6cb42aa518704ccddeed,
        type: 3}
      propertyPath: m_LocalRotation.y
      value: 0
      objectReference: {fileID: 0}
    - target: {fileID: 7885330717128027892, guid: d03fd9d30c8d6cb42aa518704ccddeed,
        type: 3}
      propertyPath: m_LocalRotation.z
      value: 0
      objectReference: {fileID: 0}
    - target: {fileID: 7885330717128027892, guid: d03fd9d30c8d6cb42aa518704ccddeed,
        type: 3}
      propertyPath: m_LocalRotation.w
      value: 1
      objectReference: {fileID: 0}
    - target: {fileID: 7885330717128027892, guid: d03fd9d30c8d6cb42aa518704ccddeed,
        type: 3}
      propertyPath: m_RootOrder
      value: 2
      objectReference: {fileID: 0}
    - target: {fileID: 7885330717128027892, guid: d03fd9d30c8d6cb42aa518704ccddeed,
        type: 3}
      propertyPath: m_LocalEulerAnglesHint.x
      value: 0
      objectReference: {fileID: 0}
    - target: {fileID: 7885330717128027892, guid: d03fd9d30c8d6cb42aa518704ccddeed,
        type: 3}
      propertyPath: m_LocalEulerAnglesHint.y
      value: 0
      objectReference: {fileID: 0}
    - target: {fileID: 7885330717128027892, guid: d03fd9d30c8d6cb42aa518704ccddeed,
        type: 3}
      propertyPath: m_LocalEulerAnglesHint.z
      value: 0
      objectReference: {fileID: 0}
    m_RemovedComponents: []
  m_SourcePrefab: {fileID: 100100000, guid: d03fd9d30c8d6cb42aa518704ccddeed, type: 3}
--- !u!4 &8093646814446613386 stripped
Transform:
  m_CorrespondingSourceObject: {fileID: 7885330717128027892, guid: d03fd9d30c8d6cb42aa518704ccddeed,
    type: 3}
  m_PrefabInstance: {fileID: 2106622940201852286}
  m_PrefabAsset: {fileID: 0}
--- !u!114 &8093646814446613385 stripped
MonoBehaviour:
  m_CorrespondingSourceObject: {fileID: 7885330717128027895, guid: d03fd9d30c8d6cb42aa518704ccddeed,
    type: 3}
  m_PrefabInstance: {fileID: 2106622940201852286}
  m_PrefabAsset: {fileID: 0}
  m_GameObject: {fileID: 0}
  m_Enabled: 1
  m_EditorHideFlags: 0
  m_Script: {fileID: 11500000, guid: a330a8d5647282547a1bf86e9641bbc0, type: 3}
  m_Name: 
  m_EditorClassIdentifier: 
--- !u!1001 &5781969697714356766
PrefabInstance:
  m_ObjectHideFlags: 0
  serializedVersion: 2
  m_Modification:
    m_TransformParent: {fileID: 2069024105739239480}
    m_Modifications:
    - target: {fileID: 7257385278312214608, guid: 7f41985c175004a4aa5c515f0c21df66,
        type: 3}
      propertyPath: m_Name
      value: MomHygien
      objectReference: {fileID: 0}
    - target: {fileID: 7257385278312214609, guid: 7f41985c175004a4aa5c515f0c21df66,
        type: 3}
      propertyPath: m_LocalPosition.x
      value: 0
      objectReference: {fileID: 0}
    - target: {fileID: 7257385278312214609, guid: 7f41985c175004a4aa5c515f0c21df66,
        type: 3}
      propertyPath: m_LocalPosition.y
      value: 0
      objectReference: {fileID: 0}
    - target: {fileID: 7257385278312214609, guid: 7f41985c175004a4aa5c515f0c21df66,
        type: 3}
      propertyPath: m_LocalPosition.z
      value: 0
      objectReference: {fileID: 0}
    - target: {fileID: 7257385278312214609, guid: 7f41985c175004a4aa5c515f0c21df66,
        type: 3}
      propertyPath: m_LocalRotation.x
      value: 0
      objectReference: {fileID: 0}
    - target: {fileID: 7257385278312214609, guid: 7f41985c175004a4aa5c515f0c21df66,
        type: 3}
      propertyPath: m_LocalRotation.y
      value: 0
      objectReference: {fileID: 0}
    - target: {fileID: 7257385278312214609, guid: 7f41985c175004a4aa5c515f0c21df66,
        type: 3}
      propertyPath: m_LocalRotation.z
      value: 0
      objectReference: {fileID: 0}
    - target: {fileID: 7257385278312214609, guid: 7f41985c175004a4aa5c515f0c21df66,
        type: 3}
      propertyPath: m_LocalRotation.w
      value: 1
      objectReference: {fileID: 0}
    - target: {fileID: 7257385278312214609, guid: 7f41985c175004a4aa5c515f0c21df66,
        type: 3}
      propertyPath: m_RootOrder
      value: 1
      objectReference: {fileID: 0}
    - target: {fileID: 7257385278312214609, guid: 7f41985c175004a4aa5c515f0c21df66,
        type: 3}
      propertyPath: m_LocalEulerAnglesHint.x
      value: 0
      objectReference: {fileID: 0}
    - target: {fileID: 7257385278312214609, guid: 7f41985c175004a4aa5c515f0c21df66,
        type: 3}
      propertyPath: m_LocalEulerAnglesHint.y
      value: 0
      objectReference: {fileID: 0}
    - target: {fileID: 7257385278312214609, guid: 7f41985c175004a4aa5c515f0c21df66,
        type: 3}
      propertyPath: m_LocalEulerAnglesHint.z
      value: 0
      objectReference: {fileID: 0}
    m_RemovedComponents: []
  m_SourcePrefab: {fileID: 100100000, guid: 7f41985c175004a4aa5c515f0c21df66, type: 3}
--- !u!4 &3786058046382584399 stripped
Transform:
  m_CorrespondingSourceObject: {fileID: 7257385278312214609, guid: 7f41985c175004a4aa5c515f0c21df66,
    type: 3}
  m_PrefabInstance: {fileID: 5781969697714356766}
  m_PrefabAsset: {fileID: 0}
--- !u!114 &3786058046382584396 stripped
MonoBehaviour:
  m_CorrespondingSourceObject: {fileID: 7257385278312214610, guid: 7f41985c175004a4aa5c515f0c21df66,
    type: 3}
  m_PrefabInstance: {fileID: 5781969697714356766}
  m_PrefabAsset: {fileID: 0}
  m_GameObject: {fileID: 0}
  m_Enabled: 1
  m_EditorHideFlags: 0
  m_Script: {fileID: 11500000, guid: fa4db8ab8e8ca754abf0ede1e6c54a30, type: 3}
  m_Name: 
  m_EditorClassIdentifier: 
--- !u!1001 &8028568188414763025
PrefabInstance:
  m_ObjectHideFlags: 0
  serializedVersion: 2
  m_Modification:
    m_TransformParent: {fileID: 2069024105739239480}
    m_Modifications:
    - target: {fileID: 3154229879896976263, guid: 47dbb953fe28ecc4797617be574ff73b,
        type: 3}
      propertyPath: m_Name
      value: BabeMood
      objectReference: {fileID: 0}
    - target: {fileID: 3154229879896976256, guid: 47dbb953fe28ecc4797617be574ff73b,
        type: 3}
      propertyPath: speed
      value: 0.0065
      objectReference: {fileID: 0}
    - target: {fileID: 3154229879896976257, guid: 47dbb953fe28ecc4797617be574ff73b,
        type: 3}
      propertyPath: m_LocalPosition.x
      value: 0
      objectReference: {fileID: 0}
    - target: {fileID: 3154229879896976257, guid: 47dbb953fe28ecc4797617be574ff73b,
        type: 3}
      propertyPath: m_LocalPosition.y
      value: 0
      objectReference: {fileID: 0}
    - target: {fileID: 3154229879896976257, guid: 47dbb953fe28ecc4797617be574ff73b,
        type: 3}
      propertyPath: m_LocalPosition.z
      value: 0
      objectReference: {fileID: 0}
    - target: {fileID: 3154229879896976257, guid: 47dbb953fe28ecc4797617be574ff73b,
        type: 3}
      propertyPath: m_LocalRotation.x
      value: 0
      objectReference: {fileID: 0}
    - target: {fileID: 3154229879896976257, guid: 47dbb953fe28ecc4797617be574ff73b,
        type: 3}
      propertyPath: m_LocalRotation.y
      value: 0
      objectReference: {fileID: 0}
    - target: {fileID: 3154229879896976257, guid: 47dbb953fe28ecc4797617be574ff73b,
        type: 3}
      propertyPath: m_LocalRotation.z
      value: 0
      objectReference: {fileID: 0}
    - target: {fileID: 3154229879896976257, guid: 47dbb953fe28ecc4797617be574ff73b,
        type: 3}
      propertyPath: m_LocalRotation.w
      value: 1
      objectReference: {fileID: 0}
    - target: {fileID: 3154229879896976257, guid: 47dbb953fe28ecc4797617be574ff73b,
        type: 3}
      propertyPath: m_RootOrder
      value: 0
      objectReference: {fileID: 0}
    - target: {fileID: 3154229879896976257, guid: 47dbb953fe28ecc4797617be574ff73b,
        type: 3}
      propertyPath: m_LocalEulerAnglesHint.x
      value: 0
      objectReference: {fileID: 0}
    - target: {fileID: 3154229879896976257, guid: 47dbb953fe28ecc4797617be574ff73b,
        type: 3}
      propertyPath: m_LocalEulerAnglesHint.y
      value: 0
      objectReference: {fileID: 0}
    - target: {fileID: 3154229879896976257, guid: 47dbb953fe28ecc4797617be574ff73b,
        type: 3}
      propertyPath: m_LocalEulerAnglesHint.z
      value: 0
      objectReference: {fileID: 0}
    m_RemovedComponents: []
  m_SourcePrefab: {fileID: 100100000, guid: 47dbb953fe28ecc4797617be574ff73b, type: 3}
--- !u!4 &4948654892212816784 stripped
Transform:
  m_CorrespondingSourceObject: {fileID: 3154229879896976257, guid: 47dbb953fe28ecc4797617be574ff73b,
    type: 3}
  m_PrefabInstance: {fileID: 8028568188414763025}
  m_PrefabAsset: {fileID: 0}
--- !u!114 &4948654892212816785 stripped
MonoBehaviour:
  m_CorrespondingSourceObject: {fileID: 3154229879896976256, guid: 47dbb953fe28ecc4797617be574ff73b,
    type: 3}
  m_PrefabInstance: {fileID: 8028568188414763025}
  m_PrefabAsset: {fileID: 0}
  m_GameObject: {fileID: 0}
  m_Enabled: 1
  m_EditorHideFlags: 0
  m_Script: {fileID: 11500000, guid: 890668f40c69c5040a0106aedd56ba11, type: 3}
  m_Name: 
  m_EditorClassIdentifier: 
