%YAML 1.1
%TAG !u! tag:unity3d.com,2011:
--- !u!1 &2069024105739239486
GameObject:
  m_ObjectHideFlags: 0
  m_CorrespondingSourceObject: {fileID: 0}
  m_PrefabInstance: {fileID: 0}
  m_PrefabAsset: {fileID: 0}
  serializedVersion: 6
  m_Component:
  - component: {fileID: 2069024105739239480}
  - component: {fileID: 2069024105739239487}
  m_Layer: 0
  m_Name: Task41 (62)
  m_TagString: Untagged
  m_Icon: {fileID: 0}
  m_NavMeshLayer: 0
  m_StaticEditorFlags: 0
  m_IsActive: 1
--- !u!4 &2069024105739239480
Transform:
  m_ObjectHideFlags: 0
  m_CorrespondingSourceObject: {fileID: 0}
  m_PrefabInstance: {fileID: 0}
  m_PrefabAsset: {fileID: 0}
  m_GameObject: {fileID: 2069024105739239486}
  m_LocalRotation: {x: -0, y: -0, z: -0, w: 1}
  m_LocalPosition: {x: 0, y: 0, z: 0}
  m_LocalScale: {x: 1, y: 1, z: 1}
  m_Children:
  - {fileID: 4948654892212816784}
  - {fileID: 6598919966208533848}
  m_Father: {fileID: 0}
  m_RootOrder: 0
  m_LocalEulerAnglesHint: {x: 0, y: 0, z: 0}
--- !u!114 &2069024105739239487
MonoBehaviour:
  m_ObjectHideFlags: 0
  m_CorrespondingSourceObject: {fileID: 0}
  m_PrefabInstance: {fileID: 0}
  m_PrefabAsset: {fileID: 0}
  m_GameObject: {fileID: 2069024105739239486}
  m_Enabled: 1
  m_EditorHideFlags: 0
  m_Script: {fileID: 11500000, guid: a966cb47805e2a74b95383c4b5f056fd, type: 3}
  m_Name: 
  m_EditorClassIdentifier: 
  taskName: Hospitality and courage.
  wishes:
  - {fileID: 8190990634813944315, guid: 824948b08c291514c98224d65f0eb491, type: 3}
  - {fileID: -8476802559250378359, guid: f35734aed3cb6cd4d8f4de29b4b9cac5, type: 3}
  - {fileID: 7504502117698455550, guid: a87b51f39cc46e64b850c43a65e28d7f, type: 3}
  - {fileID: -8476802559250378359, guid: f35734aed3cb6cd4d8f4de29b4b9cac5, type: 3}
  - {fileID: 7012274683389624711, guid: e5f7efbdc2bd5c84a9f2acfbaef7fd46, type: 3}
  needs:
  - {fileID: 4948654892212816785}
  - {fileID: 6598919966208533851}
  toInstantiate:
  - {fileID: 6265388990175332810, guid: 09322bb4e77d143478166336b5848331, type: 3}
  tutor: {fileID: 4214942672637642490, guid: 40148cdccf944d74b9537dc738cd6112, type: 3}
  boosters:
  - {fileID: 7779506366929946023, guid: 20757d25ebc3fb8479c9794a8db2c62f, type: 3}
  - {fileID: 7779506366929946023, guid: fb6874749cd7189448793902f9b099c5, type: 3}
  - {fileID: 7779506366929946023, guid: 9691fc34bddc03841b40af52b1038de7, type: 3}
--- !u!1001 &790093285404725530
PrefabInstance:
  m_ObjectHideFlags: 0
  serializedVersion: 2
  m_Modification:
    m_TransformParent: {fileID: 2069024105739239480}
    m_Modifications:
    - target: {fileID: 5864508148956525635, guid: 7427f4a338403dc4b8d43d04d807c897,
        type: 3}
      propertyPath: m_Name
      value: GuestMood
      objectReference: {fileID: 0}
    - target: {fileID: 5864508148956525634, guid: 7427f4a338403dc4b8d43d04d807c897,
        type: 3}
      propertyPath: m_LocalPosition.x
      value: 0
      objectReference: {fileID: 0}
    - target: {fileID: 5864508148956525634, guid: 7427f4a338403dc4b8d43d04d807c897,
        type: 3}
      propertyPath: m_LocalPosition.y
      value: 0
      objectReference: {fileID: 0}
    - target: {fileID: 5864508148956525634, guid: 7427f4a338403dc4b8d43d04d807c897,
        type: 3}
      propertyPath: m_LocalPosition.z
      value: 0
      objectReference: {fileID: 0}
    - target: {fileID: 5864508148956525634, guid: 7427f4a338403dc4b8d43d04d807c897,
        type: 3}
      propertyPath: m_LocalRotation.x
      value: 0
      objectReference: {fileID: 0}
    - target: {fileID: 5864508148956525634, guid: 7427f4a338403dc4b8d43d04d807c897,
        type: 3}
      propertyPath: m_LocalRotation.y
      value: 0
      objectReference: {fileID: 0}
    - target: {fileID: 5864508148956525634, guid: 7427f4a338403dc4b8d43d04d807c897,
        type: 3}
      propertyPath: m_LocalRotation.z
      value: 0
      objectReference: {fileID: 0}
    - target: {fileID: 5864508148956525634, guid: 7427f4a338403dc4b8d43d04d807c897,
        type: 3}
      propertyPath: m_LocalRotation.w
      value: 1
      objectReference: {fileID: 0}
    - target: {fileID: 5864508148956525634, guid: 7427f4a338403dc4b8d43d04d807c897,
        type: 3}
      propertyPath: m_RootOrder
      value: 1
      objectReference: {fileID: 0}
    - target: {fileID: 5864508148956525634, guid: 7427f4a338403dc4b8d43d04d807c897,
        type: 3}
      propertyPath: m_LocalEulerAnglesHint.x
      value: 0
      objectReference: {fileID: 0}
    - target: {fileID: 5864508148956525634, guid: 7427f4a338403dc4b8d43d04d807c897,
        type: 3}
      propertyPath: m_LocalEulerAnglesHint.y
      value: 0
      objectReference: {fileID: 0}
    - target: {fileID: 5864508148956525634, guid: 7427f4a338403dc4b8d43d04d807c897,
        type: 3}
      propertyPath: m_LocalEulerAnglesHint.z
      value: 0
      objectReference: {fileID: 0}
    m_RemovedComponents: []
  m_SourcePrefab: {fileID: 100100000, guid: 7427f4a338403dc4b8d43d04d807c897, type: 3}
--- !u!4 &6598919966208533848 stripped
Transform:
  m_CorrespondingSourceObject: {fileID: 5864508148956525634, guid: 7427f4a338403dc4b8d43d04d807c897,
    type: 3}
  m_PrefabInstance: {fileID: 790093285404725530}
  m_PrefabAsset: {fileID: 0}
--- !u!114 &6598919966208533851 stripped
MonoBehaviour:
  m_CorrespondingSourceObject: {fileID: 5864508148956525633, guid: 7427f4a338403dc4b8d43d04d807c897,
    type: 3}
  m_PrefabInstance: {fileID: 790093285404725530}
  m_PrefabAsset: {fileID: 0}
  m_GameObject: {fileID: 0}
  m_Enabled: 1
  m_EditorHideFlags: 0
  m_Script: {fileID: 11500000, guid: fbb965a6f92b19142a13fb0d0c424643, type: 3}
  m_Name: 
  m_EditorClassIdentifier: 
--- !u!1001 &8028568188414763025
PrefabInstance:
  m_ObjectHideFlags: 0
  serializedVersion: 2
  m_Modification:
    m_TransformParent: {fileID: 2069024105739239480}
    m_Modifications:
    - target: {fileID: 3154229879896976257, guid: 47dbb953fe28ecc4797617be574ff73b,
        type: 3}
      propertyPath: m_LocalPosition.x
      value: 0
      objectReference: {fileID: 0}
    - target: {fileID: 3154229879896976257, guid: 47dbb953fe28ecc4797617be574ff73b,
        type: 3}
      propertyPath: m_LocalPosition.y
      value: 0
      objectReference: {fileID: 0}
    - target: {fileID: 3154229879896976257, guid: 47dbb953fe28ecc4797617be574ff73b,
        type: 3}
      propertyPath: m_LocalPosition.z
      value: 0
      objectReference: {fileID: 0}
    - target: {fileID: 3154229879896976257, guid: 47dbb953fe28ecc4797617be574ff73b,
        type: 3}
      propertyPath: m_LocalRotation.x
      value: 0
      objectReference: {fileID: 0}
    - target: {fileID: 3154229879896976257, guid: 47dbb953fe28ecc4797617be574ff73b,
        type: 3}
      propertyPath: m_LocalRotation.y
      value: 0
      objectReference: {fileID: 0}
    - target: {fileID: 3154229879896976257, guid: 47dbb953fe28ecc4797617be574ff73b,
        type: 3}
      propertyPath: m_LocalRotation.z
      value: 0
      objectReference: {fileID: 0}
    - target: {fileID: 3154229879896976257, guid: 47dbb953fe28ecc4797617be574ff73b,
        type: 3}
      propertyPath: m_LocalRotation.w
      value: 1
      objectReference: {fileID: 0}
    - target: {fileID: 3154229879896976257, guid: 47dbb953fe28ecc4797617be574ff73b,
        type: 3}
      propertyPath: m_RootOrder
      value: 0
      objectReference: {fileID: 0}
    - target: {fileID: 3154229879896976257, guid: 47dbb953fe28ecc4797617be574ff73b,
        type: 3}
      propertyPath: m_LocalEulerAnglesHint.x
      value: 0
      objectReference: {fileID: 0}
    - target: {fileID: 3154229879896976257, guid: 47dbb953fe28ecc4797617be574ff73b,
        type: 3}
      propertyPath: m_LocalEulerAnglesHint.y
      value: 0
      objectReference: {fileID: 0}
    - target: {fileID: 3154229879896976257, guid: 47dbb953fe28ecc4797617be574ff73b,
        type: 3}
      propertyPath: m_LocalEulerAnglesHint.z
      value: 0
      objectReference: {fileID: 0}
    - target: {fileID: 3154229879896976256, guid: 47dbb953fe28ecc4797617be574ff73b,
        type: 3}
      propertyPath: speed
      value: 0.0055
      objectReference: {fileID: 0}
    - target: {fileID: 3154229879896976263, guid: 47dbb953fe28ecc4797617be574ff73b,
        type: 3}
      propertyPath: m_Name
      value: BabeMood
      objectReference: {fileID: 0}
    m_RemovedComponents: []
  m_SourcePrefab: {fileID: 100100000, guid: 47dbb953fe28ecc4797617be574ff73b, type: 3}
--- !u!4 &4948654892212816784 stripped
Transform:
  m_CorrespondingSourceObject: {fileID: 3154229879896976257, guid: 47dbb953fe28ecc4797617be574ff73b,
    type: 3}
  m_PrefabInstance: {fileID: 8028568188414763025}
  m_PrefabAsset: {fileID: 0}
--- !u!114 &4948654892212816785 stripped
MonoBehaviour:
  m_CorrespondingSourceObject: {fileID: 3154229879896976256, guid: 47dbb953fe28ecc4797617be574ff73b,
    type: 3}
  m_PrefabInstance: {fileID: 8028568188414763025}
  m_PrefabAsset: {fileID: 0}
  m_GameObject: {fileID: 0}
  m_Enabled: 1
  m_EditorHideFlags: 0
  m_Script: {fileID: 11500000, guid: 890668f40c69c5040a0106aedd56ba11, type: 3}
  m_Name: 
  m_EditorClassIdentifier: 
