%YAML 1.1
%TAG !u! tag:unity3d.com,2011:
--- !u!1 &9170688048482920340
GameObject:
  m_ObjectHideFlags: 0
  m_CorrespondingSourceObject: {fileID: 0}
  m_PrefabInstance: {fileID: 0}
  m_PrefabAsset: {fileID: 0}
  serializedVersion: 6
  m_Component:
  - component: {fileID: 1498853122502671724}
  - component: {fileID: 1764580001347902133}
  - component: {fileID: -5996533187062102273}
  - component: {fileID: 499524859154990700}
  m_Layer: 0
  m_Name: Hero
  m_TagString: Untagged
  m_Icon: {fileID: 0}
  m_NavMeshLayer: 0
  m_StaticEditorFlags: 0
  m_IsActive: 1
--- !u!4 &1498853122502671724
Transform:
  m_ObjectHideFlags: 0
  m_CorrespondingSourceObject: {fileID: 0}
  m_PrefabInstance: {fileID: 0}
  m_PrefabAsset: {fileID: 0}
  m_GameObject: {fileID: 9170688048482920340}
  m_LocalRotation: {x: 0, y: 0, z: 0, w: 1}
  m_LocalPosition: {x: 0, y: 0, z: 0}
  m_LocalScale: {x: 1, y: 1, z: 1}
  m_Children: []
  m_Father: {fileID: 0}
  m_RootOrder: 0
  m_LocalEulerAnglesHint: {x: 0, y: 0, z: 0}
--- !u!114 &1764580001347902133
MonoBehaviour:
  m_ObjectHideFlags: 0
  m_CorrespondingSourceObject: {fileID: 0}
  m_PrefabInstance: {fileID: 0}
  m_PrefabAsset: {fileID: 0}
  m_GameObject: {fileID: 9170688048482920340}
  m_Enabled: 1
  m_EditorHideFlags: 0
  m_Script: {fileID: 11500000, guid: d92eeace919c4f545acbd6858b62b884, type: 3}
  m_Name: 
  m_EditorClassIdentifier: 
  itemName: Hair
  image: {fileID: 21300000, guid: 0f30aece9f2ab5744839368b416abe77, type: 3}
  onApply:
    m_PersistentCalls:
      m_Calls:
      - m_Target: {fileID: -5996533187062102273}
        m_MethodName: Apply
        m_Mode: 1
        m_Arguments:
          m_ObjectArgument: {fileID: 0}
          m_ObjectArgumentAssemblyTypeName: UnityEngine.Object, UnityEngine
          m_IntArgument: 0
          m_FloatArgument: 0
          m_StringArgument: 
          m_BoolArgument: 0
        m_CallState: 2
  onTryToBuy:
    m_PersistentCalls:
      m_Calls:
      - m_Target: {fileID: 499524859154990700}
        m_MethodName: Open
        m_Mode: 1
        m_Arguments:
          m_ObjectArgument: {fileID: 0}
          m_ObjectArgumentAssemblyTypeName: UnityEngine.Object, UnityEngine
          m_IntArgument: 0
          m_FloatArgument: 0
          m_StringArgument: 
          m_BoolArgument: 0
        m_CallState: 2
  rarity: 2
  priceType: 3
  priceIcon: {fileID: 0}
  price: 0
  hide: 0
  active: 0
  empty: 0
  info: shop
  infoIcon: {fileID: 21300000, guid: 23a4f423aa9158b40b641892214950fd, type: 3}
--- !u!114 &-5996533187062102273
MonoBehaviour:
  m_ObjectHideFlags: 0
  m_CorrespondingSourceObject: {fileID: 0}
  m_PrefabInstance: {fileID: 0}
  m_PrefabAsset: {fileID: 0}
  m_GameObject: {fileID: 9170688048482920340}
  m_Enabled: 1
  m_EditorHideFlags: 0
  m_Script: {fileID: 11500000, guid: ce348d75ef1a1224c91338666e1f5581, type: 3}
  m_Name: 
  m_EditorClassIdentifier: 
  full: {fileID: 5523328936222204282, guid: 0857671b9dc81094598af6de5bb71b58, type: 3}
  crop: {fileID: 4372246151350741432, guid: 4f79df06c487a844db457fc9f2d7abbc, type: 3}
--- !u!114 &499524859154990700
MonoBehaviour:
  m_ObjectHideFlags: 0
  m_CorrespondingSourceObject: {fileID: 0}
  m_PrefabInstance: {fileID: 0}
  m_PrefabAsset: {fileID: 0}
  m_GameObject: {fileID: 9170688048482920340}
  m_Enabled: 1
  m_EditorHideFlags: 0
  m_Script: {fileID: 11500000, guid: 9108aabfbaae56f43820213bcd4479a8, type: 3}
  m_Name: 
  m_EditorClassIdentifier: 
