%YAML 1.1
%TAG !u! tag:unity3d.com,2011:
--- !u!1 &3033525884190522650
GameObject:
  m_ObjectHideFlags: 0
  m_CorrespondingSourceObject: {fileID: 0}
  m_PrefabInstance: {fileID: 0}
  m_PrefabAsset: {fileID: 0}
  serializedVersion: 6
  m_Component:
  - component: {fileID: 5091149398717321698}
  m_Layer: 0
  m_Name: Sushi desk
  m_TagString: Untagged
  m_Icon: {fileID: 0}
  m_NavMeshLayer: 0
  m_StaticEditorFlags: 0
  m_IsActive: 1
--- !u!4 &5091149398717321698
Transform:
  m_ObjectHideFlags: 0
  m_CorrespondingSourceObject: {fileID: 0}
  m_PrefabInstance: {fileID: 0}
  m_PrefabAsset: {fileID: 0}
  m_GameObject: {fileID: 3033525884190522650}
  m_LocalRotation: {x: 0, y: 0, z: 0, w: 1}
  m_LocalPosition: {x: 17.346792, y: 1.2636759, z: 21.794441}
  m_LocalScale: {x: 1, y: 1, z: 1}
  m_Children:
  - {fileID: 4028724976827380838}
  - {fileID: 2555470673007267094}
  - {fileID: 5969709336630484512}
  - {fileID: 5984283334020311788}
  - {fileID: 6954416741286632794}
  - {fileID: 3197087594644577805}
  - {fileID: 183975293301445137}
  m_Father: {fileID: 0}
  m_RootOrder: 0
  m_LocalEulerAnglesHint: {x: 0, y: 0, z: 0}
--- !u!1001 &183975293301049489
PrefabInstance:
  m_ObjectHideFlags: 0
  serializedVersion: 2
  m_Modification:
    m_TransformParent: {fileID: 5091149398717321698}
    m_Modifications:
    - target: {fileID: 100000, guid: f8c55b67bcd28e0429970f42ad38fc25, type: 3}
      propertyPath: m_Name
      value: Wood_01
      objectReference: {fileID: 0}
    - target: {fileID: 400000, guid: f8c55b67bcd28e0429970f42ad38fc25, type: 3}
      propertyPath: m_LocalPosition.x
      value: -0.1756916
      objectReference: {fileID: 0}
    - target: {fileID: 400000, guid: f8c55b67bcd28e0429970f42ad38fc25, type: 3}
      propertyPath: m_LocalPosition.y
      value: 0.117324114
      objectReference: {fileID: 0}
    - target: {fileID: 400000, guid: f8c55b67bcd28e0429970f42ad38fc25, type: 3}
      propertyPath: m_LocalPosition.z
      value: -0.22076035
      objectReference: {fileID: 0}
    - target: {fileID: 400000, guid: f8c55b67bcd28e0429970f42ad38fc25, type: 3}
      propertyPath: m_LocalRotation.x
      value: -0
      objectReference: {fileID: 0}
    - target: {fileID: 400000, guid: f8c55b67bcd28e0429970f42ad38fc25, type: 3}
      propertyPath: m_LocalRotation.y
      value: -0
      objectReference: {fileID: 0}
    - target: {fileID: 400000, guid: f8c55b67bcd28e0429970f42ad38fc25, type: 3}
      propertyPath: m_LocalRotation.z
      value: -0
      objectReference: {fileID: 0}
    - target: {fileID: 400000, guid: f8c55b67bcd28e0429970f42ad38fc25, type: 3}
      propertyPath: m_LocalRotation.w
      value: 1
      objectReference: {fileID: 0}
    - target: {fileID: 400000, guid: f8c55b67bcd28e0429970f42ad38fc25, type: 3}
      propertyPath: m_RootOrder
      value: 6
      objectReference: {fileID: 0}
    - target: {fileID: 400000, guid: f8c55b67bcd28e0429970f42ad38fc25, type: 3}
      propertyPath: m_LocalEulerAnglesHint.x
      value: 0
      objectReference: {fileID: 0}
    - target: {fileID: 400000, guid: f8c55b67bcd28e0429970f42ad38fc25, type: 3}
      propertyPath: m_LocalEulerAnglesHint.y
      value: 0
      objectReference: {fileID: 0}
    - target: {fileID: 400000, guid: f8c55b67bcd28e0429970f42ad38fc25, type: 3}
      propertyPath: m_LocalEulerAnglesHint.z
      value: 0
      objectReference: {fileID: 0}
    m_RemovedComponents: []
  m_SourcePrefab: {fileID: 100100000, guid: f8c55b67bcd28e0429970f42ad38fc25, type: 3}
--- !u!4 &183975293301445137 stripped
Transform:
  m_CorrespondingSourceObject: {fileID: 400000, guid: f8c55b67bcd28e0429970f42ad38fc25,
    type: 3}
  m_PrefabInstance: {fileID: 183975293301049489}
  m_PrefabAsset: {fileID: 0}
--- !u!1001 &2555470673006876566
PrefabInstance:
  m_ObjectHideFlags: 0
  serializedVersion: 2
  m_Modification:
    m_TransformParent: {fileID: 5091149398717321698}
    m_Modifications:
    - target: {fileID: 100000, guid: 015bb2181f5671a4b9c1931a686c4912, type: 3}
      propertyPath: m_Name
      value: Sushi_01 (2)
      objectReference: {fileID: 0}
    - target: {fileID: 400000, guid: 015bb2181f5671a4b9c1931a686c4912, type: 3}
      propertyPath: m_LocalPosition.x
      value: -0.23579216
      objectReference: {fileID: 0}
    - target: {fileID: 400000, guid: 015bb2181f5671a4b9c1931a686c4912, type: 3}
      propertyPath: m_LocalPosition.y
      value: 0.17532408
      objectReference: {fileID: 0}
    - target: {fileID: 400000, guid: 015bb2181f5671a4b9c1931a686c4912, type: 3}
      propertyPath: m_LocalPosition.z
      value: -0.22744179
      objectReference: {fileID: 0}
    - target: {fileID: 400000, guid: 015bb2181f5671a4b9c1931a686c4912, type: 3}
      propertyPath: m_LocalRotation.x
      value: -0
      objectReference: {fileID: 0}
    - target: {fileID: 400000, guid: 015bb2181f5671a4b9c1931a686c4912, type: 3}
      propertyPath: m_LocalRotation.y
      value: -0
      objectReference: {fileID: 0}
    - target: {fileID: 400000, guid: 015bb2181f5671a4b9c1931a686c4912, type: 3}
      propertyPath: m_LocalRotation.z
      value: -0
      objectReference: {fileID: 0}
    - target: {fileID: 400000, guid: 015bb2181f5671a4b9c1931a686c4912, type: 3}
      propertyPath: m_LocalRotation.w
      value: 1
      objectReference: {fileID: 0}
    - target: {fileID: 400000, guid: 015bb2181f5671a4b9c1931a686c4912, type: 3}
      propertyPath: m_RootOrder
      value: 1
      objectReference: {fileID: 0}
    - target: {fileID: 400000, guid: 015bb2181f5671a4b9c1931a686c4912, type: 3}
      propertyPath: m_LocalEulerAnglesHint.x
      value: 0
      objectReference: {fileID: 0}
    - target: {fileID: 400000, guid: 015bb2181f5671a4b9c1931a686c4912, type: 3}
      propertyPath: m_LocalEulerAnglesHint.y
      value: 0
      objectReference: {fileID: 0}
    - target: {fileID: 400000, guid: 015bb2181f5671a4b9c1931a686c4912, type: 3}
      propertyPath: m_LocalEulerAnglesHint.z
      value: 0
      objectReference: {fileID: 0}
    m_RemovedComponents: []
  m_SourcePrefab: {fileID: 100100000, guid: 015bb2181f5671a4b9c1931a686c4912, type: 3}
--- !u!4 &2555470673007267094 stripped
Transform:
  m_CorrespondingSourceObject: {fileID: 400000, guid: 015bb2181f5671a4b9c1931a686c4912,
    type: 3}
  m_PrefabInstance: {fileID: 2555470673006876566}
  m_PrefabAsset: {fileID: 0}
--- !u!1001 &3197087594644964493
PrefabInstance:
  m_ObjectHideFlags: 0
  serializedVersion: 2
  m_Modification:
    m_TransformParent: {fileID: 5091149398717321698}
    m_Modifications:
    - target: {fileID: 100000, guid: 015bb2181f5671a4b9c1931a686c4912, type: 3}
      propertyPath: m_Name
      value: Sushi_01
      objectReference: {fileID: 0}
    - target: {fileID: 400000, guid: 015bb2181f5671a4b9c1931a686c4912, type: 3}
      propertyPath: m_LocalPosition.x
      value: -0.23779297
      objectReference: {fileID: 0}
    - target: {fileID: 400000, guid: 015bb2181f5671a4b9c1931a686c4912, type: 3}
      propertyPath: m_LocalPosition.y
      value: 0.17532408
      objectReference: {fileID: 0}
    - target: {fileID: 400000, guid: 015bb2181f5671a4b9c1931a686c4912, type: 3}
      propertyPath: m_LocalPosition.z
      value: -0.1084404
      objectReference: {fileID: 0}
    - target: {fileID: 400000, guid: 015bb2181f5671a4b9c1931a686c4912, type: 3}
      propertyPath: m_LocalRotation.x
      value: -0
      objectReference: {fileID: 0}
    - target: {fileID: 400000, guid: 015bb2181f5671a4b9c1931a686c4912, type: 3}
      propertyPath: m_LocalRotation.y
      value: -0
      objectReference: {fileID: 0}
    - target: {fileID: 400000, guid: 015bb2181f5671a4b9c1931a686c4912, type: 3}
      propertyPath: m_LocalRotation.z
      value: -0
      objectReference: {fileID: 0}
    - target: {fileID: 400000, guid: 015bb2181f5671a4b9c1931a686c4912, type: 3}
      propertyPath: m_LocalRotation.w
      value: 1
      objectReference: {fileID: 0}
    - target: {fileID: 400000, guid: 015bb2181f5671a4b9c1931a686c4912, type: 3}
      propertyPath: m_RootOrder
      value: 5
      objectReference: {fileID: 0}
    - target: {fileID: 400000, guid: 015bb2181f5671a4b9c1931a686c4912, type: 3}
      propertyPath: m_LocalEulerAnglesHint.x
      value: 0
      objectReference: {fileID: 0}
    - target: {fileID: 400000, guid: 015bb2181f5671a4b9c1931a686c4912, type: 3}
      propertyPath: m_LocalEulerAnglesHint.y
      value: 0
      objectReference: {fileID: 0}
    - target: {fileID: 400000, guid: 015bb2181f5671a4b9c1931a686c4912, type: 3}
      propertyPath: m_LocalEulerAnglesHint.z
      value: 0
      objectReference: {fileID: 0}
    m_RemovedComponents: []
  m_SourcePrefab: {fileID: 100100000, guid: 015bb2181f5671a4b9c1931a686c4912, type: 3}
--- !u!4 &3197087594644577805 stripped
Transform:
  m_CorrespondingSourceObject: {fileID: 400000, guid: 015bb2181f5671a4b9c1931a686c4912,
    type: 3}
  m_PrefabInstance: {fileID: 3197087594644964493}
  m_PrefabAsset: {fileID: 0}
--- !u!1001 &4028724976827510502
PrefabInstance:
  m_ObjectHideFlags: 0
  serializedVersion: 2
  m_Modification:
    m_TransformParent: {fileID: 5091149398717321698}
    m_Modifications:
    - target: {fileID: 100000, guid: 015bb2181f5671a4b9c1931a686c4912, type: 3}
      propertyPath: m_Name
      value: Sushi_01 (1)
      objectReference: {fileID: 0}
    - target: {fileID: 400000, guid: 015bb2181f5671a4b9c1931a686c4912, type: 3}
      propertyPath: m_LocalPosition.x
      value: -0.12379265
      objectReference: {fileID: 0}
    - target: {fileID: 400000, guid: 015bb2181f5671a4b9c1931a686c4912, type: 3}
      propertyPath: m_LocalPosition.y
      value: 0.17532408
      objectReference: {fileID: 0}
    - target: {fileID: 400000, guid: 015bb2181f5671a4b9c1931a686c4912, type: 3}
      propertyPath: m_LocalPosition.z
      value: -0.10544205
      objectReference: {fileID: 0}
    - target: {fileID: 400000, guid: 015bb2181f5671a4b9c1931a686c4912, type: 3}
      propertyPath: m_LocalRotation.x
      value: -0
      objectReference: {fileID: 0}
    - target: {fileID: 400000, guid: 015bb2181f5671a4b9c1931a686c4912, type: 3}
      propertyPath: m_LocalRotation.y
      value: -0
      objectReference: {fileID: 0}
    - target: {fileID: 400000, guid: 015bb2181f5671a4b9c1931a686c4912, type: 3}
      propertyPath: m_LocalRotation.z
      value: -0
      objectReference: {fileID: 0}
    - target: {fileID: 400000, guid: 015bb2181f5671a4b9c1931a686c4912, type: 3}
      propertyPath: m_LocalRotation.w
      value: 1
      objectReference: {fileID: 0}
    - target: {fileID: 400000, guid: 015bb2181f5671a4b9c1931a686c4912, type: 3}
      propertyPath: m_RootOrder
      value: 0
      objectReference: {fileID: 0}
    - target: {fileID: 400000, guid: 015bb2181f5671a4b9c1931a686c4912, type: 3}
      propertyPath: m_LocalEulerAnglesHint.x
      value: 0
      objectReference: {fileID: 0}
    - target: {fileID: 400000, guid: 015bb2181f5671a4b9c1931a686c4912, type: 3}
      propertyPath: m_LocalEulerAnglesHint.y
      value: 0
      objectReference: {fileID: 0}
    - target: {fileID: 400000, guid: 015bb2181f5671a4b9c1931a686c4912, type: 3}
      propertyPath: m_LocalEulerAnglesHint.z
      value: 0
      objectReference: {fileID: 0}
    m_RemovedComponents: []
  m_SourcePrefab: {fileID: 100100000, guid: 015bb2181f5671a4b9c1931a686c4912, type: 3}
--- !u!4 &4028724976827380838 stripped
Transform:
  m_CorrespondingSourceObject: {fileID: 400000, guid: 015bb2181f5671a4b9c1931a686c4912,
    type: 3}
  m_PrefabInstance: {fileID: 4028724976827510502}
  m_PrefabAsset: {fileID: 0}
--- !u!1001 &5969709336630871200
PrefabInstance:
  m_ObjectHideFlags: 0
  serializedVersion: 2
  m_Modification:
    m_TransformParent: {fileID: 5091149398717321698}
    m_Modifications:
    - target: {fileID: 100000, guid: 015bb2181f5671a4b9c1931a686c4912, type: 3}
      propertyPath: m_Name
      value: Sushi_01 (3)
      objectReference: {fileID: 0}
    - target: {fileID: 400000, guid: 015bb2181f5671a4b9c1931a686c4912, type: 3}
      propertyPath: m_LocalPosition.x
      value: -0.11979294
      objectReference: {fileID: 0}
    - target: {fileID: 400000, guid: 015bb2181f5671a4b9c1931a686c4912, type: 3}
      propertyPath: m_LocalPosition.y
      value: 0.17532408
      objectReference: {fileID: 0}
    - target: {fileID: 400000, guid: 015bb2181f5671a4b9c1931a686c4912, type: 3}
      propertyPath: m_LocalPosition.z
      value: -0.22144127
      objectReference: {fileID: 0}
    - target: {fileID: 400000, guid: 015bb2181f5671a4b9c1931a686c4912, type: 3}
      propertyPath: m_LocalRotation.x
      value: -0
      objectReference: {fileID: 0}
    - target: {fileID: 400000, guid: 015bb2181f5671a4b9c1931a686c4912, type: 3}
      propertyPath: m_LocalRotation.y
      value: -0
      objectReference: {fileID: 0}
    - target: {fileID: 400000, guid: 015bb2181f5671a4b9c1931a686c4912, type: 3}
      propertyPath: m_LocalRotation.z
      value: -0
      objectReference: {fileID: 0}
    - target: {fileID: 400000, guid: 015bb2181f5671a4b9c1931a686c4912, type: 3}
      propertyPath: m_LocalRotation.w
      value: 1
      objectReference: {fileID: 0}
    - target: {fileID: 400000, guid: 015bb2181f5671a4b9c1931a686c4912, type: 3}
      propertyPath: m_RootOrder
      value: 2
      objectReference: {fileID: 0}
    - target: {fileID: 400000, guid: 015bb2181f5671a4b9c1931a686c4912, type: 3}
      propertyPath: m_LocalEulerAnglesHint.x
      value: 0
      objectReference: {fileID: 0}
    - target: {fileID: 400000, guid: 015bb2181f5671a4b9c1931a686c4912, type: 3}
      propertyPath: m_LocalEulerAnglesHint.y
      value: 0
      objectReference: {fileID: 0}
    - target: {fileID: 400000, guid: 015bb2181f5671a4b9c1931a686c4912, type: 3}
      propertyPath: m_LocalEulerAnglesHint.z
      value: 0
      objectReference: {fileID: 0}
    m_RemovedComponents: []
  m_SourcePrefab: {fileID: 100100000, guid: 015bb2181f5671a4b9c1931a686c4912, type: 3}
--- !u!4 &5969709336630484512 stripped
Transform:
  m_CorrespondingSourceObject: {fileID: 400000, guid: 015bb2181f5671a4b9c1931a686c4912,
    type: 3}
  m_PrefabInstance: {fileID: 5969709336630871200}
  m_PrefabAsset: {fileID: 0}
--- !u!1001 &5984283334020444268
PrefabInstance:
  m_ObjectHideFlags: 0
  serializedVersion: 2
  m_Modification:
    m_TransformParent: {fileID: 5091149398717321698}
    m_Modifications:
    - target: {fileID: 100000, guid: 015bb2181f5671a4b9c1931a686c4912, type: 3}
      propertyPath: m_Name
      value: Sushi_01 (4)
      objectReference: {fileID: 0}
    - target: {fileID: 400000, guid: 015bb2181f5671a4b9c1931a686c4912, type: 3}
      propertyPath: m_LocalPosition.x
      value: -0.12079239
      objectReference: {fileID: 0}
    - target: {fileID: 400000, guid: 015bb2181f5671a4b9c1931a686c4912, type: 3}
      propertyPath: m_LocalPosition.y
      value: 0.17532408
      objectReference: {fileID: 0}
    - target: {fileID: 400000, guid: 015bb2181f5671a4b9c1931a686c4912, type: 3}
      propertyPath: m_LocalPosition.z
      value: -0.34044075
      objectReference: {fileID: 0}
    - target: {fileID: 400000, guid: 015bb2181f5671a4b9c1931a686c4912, type: 3}
      propertyPath: m_LocalRotation.x
      value: -0
      objectReference: {fileID: 0}
    - target: {fileID: 400000, guid: 015bb2181f5671a4b9c1931a686c4912, type: 3}
      propertyPath: m_LocalRotation.y
      value: -0
      objectReference: {fileID: 0}
    - target: {fileID: 400000, guid: 015bb2181f5671a4b9c1931a686c4912, type: 3}
      propertyPath: m_LocalRotation.z
      value: -0
      objectReference: {fileID: 0}
    - target: {fileID: 400000, guid: 015bb2181f5671a4b9c1931a686c4912, type: 3}
      propertyPath: m_LocalRotation.w
      value: 1
      objectReference: {fileID: 0}
    - target: {fileID: 400000, guid: 015bb2181f5671a4b9c1931a686c4912, type: 3}
      propertyPath: m_RootOrder
      value: 3
      objectReference: {fileID: 0}
    - target: {fileID: 400000, guid: 015bb2181f5671a4b9c1931a686c4912, type: 3}
      propertyPath: m_LocalEulerAnglesHint.x
      value: 0
      objectReference: {fileID: 0}
    - target: {fileID: 400000, guid: 015bb2181f5671a4b9c1931a686c4912, type: 3}
      propertyPath: m_LocalEulerAnglesHint.y
      value: 0
      objectReference: {fileID: 0}
    - target: {fileID: 400000, guid: 015bb2181f5671a4b9c1931a686c4912, type: 3}
      propertyPath: m_LocalEulerAnglesHint.z
      value: 0
      objectReference: {fileID: 0}
    m_RemovedComponents: []
  m_SourcePrefab: {fileID: 100100000, guid: 015bb2181f5671a4b9c1931a686c4912, type: 3}
--- !u!4 &5984283334020311788 stripped
Transform:
  m_CorrespondingSourceObject: {fileID: 400000, guid: 015bb2181f5671a4b9c1931a686c4912,
    type: 3}
  m_PrefabInstance: {fileID: 5984283334020444268}
  m_PrefabAsset: {fileID: 0}
--- !u!1001 &6954416741286758362
PrefabInstance:
  m_ObjectHideFlags: 0
  serializedVersion: 2
  m_Modification:
    m_TransformParent: {fileID: 5091149398717321698}
    m_Modifications:
    - target: {fileID: 100000, guid: 015bb2181f5671a4b9c1931a686c4912, type: 3}
      propertyPath: m_Name
      value: Sushi_01 (5)
      objectReference: {fileID: 0}
    - target: {fileID: 400000, guid: 015bb2181f5671a4b9c1931a686c4912, type: 3}
      propertyPath: m_LocalPosition.x
      value: -0.23479271
      objectReference: {fileID: 0}
    - target: {fileID: 400000, guid: 015bb2181f5671a4b9c1931a686c4912, type: 3}
      propertyPath: m_LocalPosition.y
      value: 0.17532408
      objectReference: {fileID: 0}
    - target: {fileID: 400000, guid: 015bb2181f5671a4b9c1931a686c4912, type: 3}
      propertyPath: m_LocalPosition.z
      value: -0.33844185
      objectReference: {fileID: 0}
    - target: {fileID: 400000, guid: 015bb2181f5671a4b9c1931a686c4912, type: 3}
      propertyPath: m_LocalRotation.x
      value: -0
      objectReference: {fileID: 0}
    - target: {fileID: 400000, guid: 015bb2181f5671a4b9c1931a686c4912, type: 3}
      propertyPath: m_LocalRotation.y
      value: -0
      objectReference: {fileID: 0}
    - target: {fileID: 400000, guid: 015bb2181f5671a4b9c1931a686c4912, type: 3}
      propertyPath: m_LocalRotation.z
      value: -0
      objectReference: {fileID: 0}
    - target: {fileID: 400000, guid: 015bb2181f5671a4b9c1931a686c4912, type: 3}
      propertyPath: m_LocalRotation.w
      value: 1
      objectReference: {fileID: 0}
    - target: {fileID: 400000, guid: 015bb2181f5671a4b9c1931a686c4912, type: 3}
      propertyPath: m_RootOrder
      value: 4
      objectReference: {fileID: 0}
    - target: {fileID: 400000, guid: 015bb2181f5671a4b9c1931a686c4912, type: 3}
      propertyPath: m_LocalEulerAnglesHint.x
      value: 0
      objectReference: {fileID: 0}
    - target: {fileID: 400000, guid: 015bb2181f5671a4b9c1931a686c4912, type: 3}
      propertyPath: m_LocalEulerAnglesHint.y
      value: 0
      objectReference: {fileID: 0}
    - target: {fileID: 400000, guid: 015bb2181f5671a4b9c1931a686c4912, type: 3}
      propertyPath: m_LocalEulerAnglesHint.z
      value: 0
      objectReference: {fileID: 0}
    m_RemovedComponents: []
  m_SourcePrefab: {fileID: 100100000, guid: 015bb2181f5671a4b9c1931a686c4912, type: 3}
--- !u!4 &6954416741286632794 stripped
Transform:
  m_CorrespondingSourceObject: {fileID: 400000, guid: 015bb2181f5671a4b9c1931a686c4912,
    type: 3}
  m_PrefabInstance: {fileID: 6954416741286758362}
  m_PrefabAsset: {fileID: 0}
