%YAML 1.1
%TAG !u! tag:unity3d.com,2011:
--- !u!1 &464667187005782020
GameObject:
  m_ObjectHideFlags: 0
  m_CorrespondingSourceObject: {fileID: 0}
  m_PrefabInstance: {fileID: 0}
  m_PrefabAsset: {fileID: 0}
  serializedVersion: 6
  m_Component:
  - component: {fileID: 461231854477716498}
  - component: {fileID: 433274708784550182}
  - component: {fileID: 465770426958997088}
  - component: {fileID: 465770426958997089}
  - component: {fileID: 5082576736532920605}
  m_Layer: 0
  m_Name: Trash
  m_TagString: Untagged
  m_Icon: {fileID: 0}
  m_NavMeshLayer: 0
  m_StaticEditorFlags: 0
  m_IsActive: 1
--- !u!4 &461231854477716498
Transform:
  m_ObjectHideFlags: 0
  m_CorrespondingSourceObject: {fileID: 0}
  m_PrefabInstance: {fileID: 0}
  m_PrefabAsset: {fileID: 0}
  m_GameObject: {fileID: 464667187005782020}
  m_LocalRotation: {x: 0, y: 0, z: 0, w: 1}
  m_LocalPosition: {x: 13.533302, y: 0, z: 26.549454}
  m_LocalScale: {x: 2.5, y: 2.5, z: 2.5}
  m_Children:
  - {fileID: 465770427642907324}
  - {fileID: 465770425815336212}
  - {fileID: 5482694473671047772}
  - {fileID: 3085816742719169761}
  m_Father: {fileID: 0}
  m_RootOrder: 0
  m_LocalEulerAnglesHint: {x: 0, y: 0, z: 0}
--- !u!33 &433274708784550182
MeshFilter:
  m_ObjectHideFlags: 0
  m_CorrespondingSourceObject: {fileID: 0}
  m_PrefabInstance: {fileID: 0}
  m_PrefabAsset: {fileID: 0}
  m_GameObject: {fileID: 464667187005782020}
  m_Mesh: {fileID: 4300000, guid: 39bcb2bc55ab6c14a8d3f24fc5e07575, type: 3}
--- !u!64 &465770426958997088
MeshCollider:
  m_ObjectHideFlags: 0
  m_CorrespondingSourceObject: {fileID: 0}
  m_PrefabInstance: {fileID: 0}
  m_PrefabAsset: {fileID: 0}
  m_GameObject: {fileID: 464667187005782020}
  m_Material: {fileID: 0}
  m_IsTrigger: 0
  m_Enabled: 1
  serializedVersion: 3
  m_Convex: 0
  m_CookingOptions: 14
  m_Mesh: {fileID: 4300000, guid: 39bcb2bc55ab6c14a8d3f24fc5e07575, type: 3}
--- !u!114 &465770426958997089
MonoBehaviour:
  m_ObjectHideFlags: 0
  m_CorrespondingSourceObject: {fileID: 0}
  m_PrefabInstance: {fileID: 0}
  m_PrefabAsset: {fileID: 0}
  m_GameObject: {fileID: 464667187005782020}
  m_Enabled: 1
  m_EditorHideFlags: 0
  m_Script: {fileID: 11500000, guid: a90254f201a5a07439692b29c7e724ee, type: 3}
  m_Name: 
  m_EditorClassIdentifier: 
  lblReward: {fileID: 465770426672573338}
  imgReward: {fileID: 465770426566741107}
--- !u!114 &5082576736532920605
MonoBehaviour:
  m_ObjectHideFlags: 0
  m_CorrespondingSourceObject: {fileID: 0}
  m_PrefabInstance: {fileID: 0}
  m_PrefabAsset: {fileID: 0}
  m_GameObject: {fileID: 464667187005782020}
  m_Enabled: 1
  m_EditorHideFlags: 0
  m_Script: {fileID: 11500000, guid: afccd2b77c738b14486d36df5552a539, type: 3}
  m_Name: 
  m_EditorClassIdentifier: 
  score: 50
  bin: {fileID: 465770426958997089}
--- !u!1 &465770425815336215
GameObject:
  m_ObjectHideFlags: 0
  m_CorrespondingSourceObject: {fileID: 0}
  m_PrefabInstance: {fileID: 0}
  m_PrefabAsset: {fileID: 0}
  serializedVersion: 6
  m_Component:
  - component: {fileID: 465770425815336212}
  - component: {fileID: 465770425815336200}
  - component: {fileID: 465770425815336203}
  - component: {fileID: 465770425815336202}
  - component: {fileID: 465770425815336213}
  m_Layer: 0
  m_Name: Canvas
  m_TagString: Untagged
  m_Icon: {fileID: 0}
  m_NavMeshLayer: 0
  m_StaticEditorFlags: 0
  m_IsActive: 1
--- !u!224 &465770425815336212
RectTransform:
  m_ObjectHideFlags: 0
  m_CorrespondingSourceObject: {fileID: 0}
  m_PrefabInstance: {fileID: 0}
  m_PrefabAsset: {fileID: 0}
  m_GameObject: {fileID: 465770425815336215}
  m_LocalRotation: {x: -0, y: -0.45110613, z: -0, w: 0.8924703}
  m_LocalPosition: {x: 0, y: 0, z: 0}
  m_LocalScale: {x: 0.4, y: 0.4, z: 0.4}
  m_Children:
  - {fileID: 465770426672573348}
  m_Father: {fileID: 461231854477716498}
  m_RootOrder: 1
  m_LocalEulerAnglesHint: {x: 0, y: -53.629, z: 0}
  m_AnchorMin: {x: 0, y: 0}
  m_AnchorMax: {x: 0, y: 0}
  m_AnchoredPosition: {x: 0, y: 0.75}
  m_SizeDelta: {x: 2, y: 2}
  m_Pivot: {x: 0.5, y: 0.5}
--- !u!223 &465770425815336200
Canvas:
  m_ObjectHideFlags: 0
  m_CorrespondingSourceObject: {fileID: 0}
  m_PrefabInstance: {fileID: 0}
  m_PrefabAsset: {fileID: 0}
  m_GameObject: {fileID: 465770425815336215}
  m_Enabled: 1
  serializedVersion: 3
  m_RenderMode: 2
  m_Camera: {fileID: 0}
  m_PlaneDistance: 100
  m_PixelPerfect: 0
  m_ReceivesEvents: 1
  m_OverrideSorting: 0
  m_OverridePixelPerfect: 0
  m_SortingBucketNormalizedSize: 0
  m_AdditionalShaderChannelsFlag: 0
  m_SortingLayerID: 0
  m_SortingOrder: 0
  m_TargetDisplay: 0
--- !u!114 &465770425815336203
MonoBehaviour:
  m_ObjectHideFlags: 0
  m_CorrespondingSourceObject: {fileID: 0}
  m_PrefabInstance: {fileID: 0}
  m_PrefabAsset: {fileID: 0}
  m_GameObject: {fileID: 465770425815336215}
  m_Enabled: 1
  m_EditorHideFlags: 0
  m_Script: {fileID: 11500000, guid: 0cd44c1031e13a943bb63640046fad76, type: 3}
  m_Name: 
  m_EditorClassIdentifier: 
  m_UiScaleMode: 0
  m_ReferencePixelsPerUnit: 100
  m_ScaleFactor: 1
  m_ReferenceResolution: {x: 800, y: 600}
  m_ScreenMatchMode: 0
  m_MatchWidthOrHeight: 0
  m_PhysicalUnit: 3
  m_FallbackScreenDPI: 96
  m_DefaultSpriteDPI: 96
  m_DynamicPixelsPerUnit: 1
--- !u!114 &465770425815336202
MonoBehaviour:
  m_ObjectHideFlags: 0
  m_CorrespondingSourceObject: {fileID: 0}
  m_PrefabInstance: {fileID: 0}
  m_PrefabAsset: {fileID: 0}
  m_GameObject: {fileID: 465770425815336215}
  m_Enabled: 1
  m_EditorHideFlags: 0
  m_Script: {fileID: 11500000, guid: dc42784cf147c0c48a680349fa168899, type: 3}
  m_Name: 
  m_EditorClassIdentifier: 
  m_IgnoreReversedGraphics: 1
  m_BlockingObjects: 0
  m_BlockingMask:
    serializedVersion: 2
    m_Bits: 65335
--- !u!114 &465770425815336213
MonoBehaviour:
  m_ObjectHideFlags: 0
  m_CorrespondingSourceObject: {fileID: 0}
  m_PrefabInstance: {fileID: 0}
  m_PrefabAsset: {fileID: 0}
  m_GameObject: {fileID: 465770425815336215}
  m_Enabled: 1
  m_EditorHideFlags: 0
  m_Script: {fileID: 11500000, guid: 6c95af9d3d00a5b44ae3ca099d5b9c62, type: 3}
  m_Name: 
  m_EditorClassIdentifier: 
  height: 1.8
  inverse: 1
  scaleWithDist: 0
  freezeXZ: 0
--- !u!1 &465770426566741117
GameObject:
  m_ObjectHideFlags: 0
  m_CorrespondingSourceObject: {fileID: 0}
  m_PrefabInstance: {fileID: 0}
  m_PrefabAsset: {fileID: 0}
  serializedVersion: 6
  m_Component:
  - component: {fileID: 465770426566741106}
  - component: {fileID: 465770426566741104}
  - component: {fileID: 465770426566741107}
  m_Layer: 0
  m_Name: Image
  m_TagString: Untagged
  m_Icon: {fileID: 0}
  m_NavMeshLayer: 0
  m_StaticEditorFlags: 0
  m_IsActive: 1
--- !u!224 &465770426566741106
RectTransform:
  m_ObjectHideFlags: 0
  m_CorrespondingSourceObject: {fileID: 0}
  m_PrefabInstance: {fileID: 0}
  m_PrefabAsset: {fileID: 0}
  m_GameObject: {fileID: 465770426566741117}
  m_LocalRotation: {x: 0, y: 0, z: 0, w: 1}
  m_LocalPosition: {x: 0, y: 0, z: -0}
  m_LocalScale: {x: 1, y: 1, z: 1}
  m_Children: []
  m_Father: {fileID: 465770426672573348}
  m_RootOrder: 0
  m_LocalEulerAnglesHint: {x: 0, y: 0, z: 0}
  m_AnchorMin: {x: 0.5, y: 0.5}
  m_AnchorMax: {x: 0.5, y: 0.5}
  m_AnchoredPosition: {x: 35.2, y: 0}
  m_SizeDelta: {x: 20, y: 20}
  m_Pivot: {x: 0.5, y: 0.5}
--- !u!222 &465770426566741104
CanvasRenderer:
  m_ObjectHideFlags: 0
  m_CorrespondingSourceObject: {fileID: 0}
  m_PrefabInstance: {fileID: 0}
  m_PrefabAsset: {fileID: 0}
  m_GameObject: {fileID: 465770426566741117}
  m_CullTransparentMesh: 0
--- !u!114 &465770426566741107
MonoBehaviour:
  m_ObjectHideFlags: 0
  m_CorrespondingSourceObject: {fileID: 0}
  m_PrefabInstance: {fileID: 0}
  m_PrefabAsset: {fileID: 0}
  m_GameObject: {fileID: 465770426566741117}
  m_Enabled: 1
  m_EditorHideFlags: 0
  m_Script: {fileID: 11500000, guid: fe87c0e1cc204ed48ad3b37840f39efc, type: 3}
  m_Name: 
  m_EditorClassIdentifier: 
  m_Material: {fileID: 0}
  m_Color: {r: 1, g: 1, b: 1, a: 1}
  m_RaycastTarget: 1
  m_OnCullStateChanged:
    m_PersistentCalls:
      m_Calls: []
  m_Sprite: {fileID: 21300000, guid: aa3da508f813b4d43bdd553fed5d4895, type: 3}
  m_Type: 0
  m_PreserveAspect: 1
  m_FillCenter: 1
  m_FillMethod: 4
  m_FillAmount: 1
  m_FillClockwise: 1
  m_FillOrigin: 0
  m_UseSpriteMesh: 0
  m_PixelsPerUnitMultiplier: 1
--- !u!1 &465770426672573351
GameObject:
  m_ObjectHideFlags: 0
  m_CorrespondingSourceObject: {fileID: 0}
  m_PrefabInstance: {fileID: 0}
  m_PrefabAsset: {fileID: 0}
  serializedVersion: 6
  m_Component:
  - component: {fileID: 465770426672573348}
  - component: {fileID: 465770426672573339}
  - component: {fileID: 465770426672573338}
  - component: {fileID: 465770426672573349}
  - component: {fileID: 465770426672573336}
  - component: {fileID: 465770426672573337}
  m_Layer: 0
  m_Name: Text
  m_TagString: Untagged
  m_Icon: {fileID: 0}
  m_NavMeshLayer: 0
  m_StaticEditorFlags: 0
  m_IsActive: 0
--- !u!224 &465770426672573348
RectTransform:
  m_ObjectHideFlags: 0
  m_CorrespondingSourceObject: {fileID: 0}
  m_PrefabInstance: {fileID: 0}
  m_PrefabAsset: {fileID: 0}
  m_GameObject: {fileID: 465770426672573351}
  m_LocalRotation: {x: 0, y: 0, z: 0, w: 1}
  m_LocalPosition: {x: 0, y: 0, z: -0}
  m_LocalScale: {x: 0.05, y: 0.05, z: 0.05}
  m_Children:
  - {fileID: 465770426566741106}
  m_Father: {fileID: 465770425815336212}
  m_RootOrder: 0
  m_LocalEulerAnglesHint: {x: 0, y: 0, z: 0}
  m_AnchorMin: {x: 0.5, y: 0.5}
  m_AnchorMax: {x: 0.5, y: 0.5}
  m_AnchoredPosition: {x: -0.15, y: 0}
  m_SizeDelta: {x: 50, y: 50}
  m_Pivot: {x: 0.5, y: 0.5}
--- !u!222 &465770426672573339
CanvasRenderer:
  m_ObjectHideFlags: 0
  m_CorrespondingSourceObject: {fileID: 0}
  m_PrefabInstance: {fileID: 0}
  m_PrefabAsset: {fileID: 0}
  m_GameObject: {fileID: 465770426672573351}
  m_CullTransparentMesh: 0
--- !u!114 &465770426672573338
MonoBehaviour:
  m_ObjectHideFlags: 0
  m_CorrespondingSourceObject: {fileID: 0}
  m_PrefabInstance: {fileID: 0}
  m_PrefabAsset: {fileID: 0}
  m_GameObject: {fileID: 465770426672573351}
  m_Enabled: 1
  m_EditorHideFlags: 0
  m_Script: {fileID: 11500000, guid: 5f7201a12d95ffc409449d95f23cf332, type: 3}
  m_Name: 
  m_EditorClassIdentifier: 
  m_Material: {fileID: 0}
  m_Color: {r: 0.9725491, g: 0.65882355, b: 0.08235294, a: 1}
  m_RaycastTarget: 1
  m_OnCullStateChanged:
    m_PersistentCalls:
      m_Calls: []
  m_FontData:
    m_Font: {fileID: 12800000, guid: ac4a7abfdd840c447aa0173a907954ec, type: 3}
    m_FontSize: 14
    m_FontStyle: 0
    m_BestFit: 1
    m_MinSize: 10
    m_MaxSize: 27
    m_Alignment: 4
    m_AlignByGeometry: 0
    m_RichText: 1
    m_HorizontalOverflow: 0
    m_VerticalOverflow: 0
    m_LineSpacing: 1
  m_Text: +200
--- !u!95 &465770426672573349
Animator:
  serializedVersion: 3
  m_ObjectHideFlags: 0
  m_CorrespondingSourceObject: {fileID: 0}
  m_PrefabInstance: {fileID: 0}
  m_PrefabAsset: {fileID: 0}
  m_GameObject: {fileID: 465770426672573351}
  m_Enabled: 1
  m_Avatar: {fileID: 0}
  m_Controller: {fileID: 9100000, guid: cafdd8cb1b761594d96d7e83cd32d4c8, type: 2}
  m_CullingMode: 0
  m_UpdateMode: 2
  m_ApplyRootMotion: 0
  m_LinearVelocityBlending: 0
  m_WarningMessage: 
  m_HasTransformHierarchy: 1
  m_AllowConstantClipSamplingOptimization: 1
  m_KeepAnimatorControllerStateOnDisable: 0
--- !u!114 &465770426672573336
MonoBehaviour:
  m_ObjectHideFlags: 0
  m_CorrespondingSourceObject: {fileID: 0}
  m_PrefabInstance: {fileID: 0}
  m_PrefabAsset: {fileID: 0}
  m_GameObject: {fileID: 465770426672573351}
  m_Enabled: 1
  m_EditorHideFlags: 0
  m_Script: {fileID: 11500000, guid: b54bbab9f21e55b4386851833af69433, type: 3}
  m_Name: 
  m_EditorClassIdentifier: 
  onEvent:
    m_PersistentCalls:
      m_Calls:
      - m_Target: {fileID: 465770426672573351}
        m_MethodName: SetActive
        m_Mode: 6
        m_Arguments:
          m_ObjectArgument: {fileID: 0}
          m_ObjectArgumentAssemblyTypeName: UnityEngine.Object, UnityEngine
          m_IntArgument: 0
          m_FloatArgument: 0
          m_StringArgument: 
          m_BoolArgument: 0
        m_CallState: 2
--- !u!114 &465770426672573337
MonoBehaviour:
  m_ObjectHideFlags: 0
  m_CorrespondingSourceObject: {fileID: 0}
  m_PrefabInstance: {fileID: 0}
  m_PrefabAsset: {fileID: 0}
  m_GameObject: {fileID: 465770426672573351}
  m_Enabled: 1
  m_EditorHideFlags: 0
  m_Script: {fileID: 11500000, guid: e19747de3f5aca642ab2be37e372fb86, type: 3}
  m_Name: 
  m_EditorClassIdentifier: 
  m_EffectColor: {r: 0.4156863, g: 0.3254902, b: 0, a: 0.5}
  m_EffectDistance: {x: 1, y: -1}
  m_UseGraphicAlpha: 1
--- !u!1 &465770427642907327
GameObject:
  m_ObjectHideFlags: 0
  m_CorrespondingSourceObject: {fileID: 0}
  m_PrefabInstance: {fileID: 0}
  m_PrefabAsset: {fileID: 0}
  serializedVersion: 6
  m_Component:
  - component: {fileID: 465770427642907324}
  - component: {fileID: 465770427642907313}
  - component: {fileID: 465770427642907312}
  - component: {fileID: 465770427642907315}
  - component: {fileID: 465770427642907314}
  - component: {fileID: 465770427642907325}
  m_Layer: 0
  m_Name: Cylinder
  m_TagString: Untagged
  m_Icon: {fileID: 0}
  m_NavMeshLayer: 0
  m_StaticEditorFlags: 0
  m_IsActive: 1
--- !u!4 &465770427642907324
Transform:
  m_ObjectHideFlags: 0
  m_CorrespondingSourceObject: {fileID: 0}
  m_PrefabInstance: {fileID: 0}
  m_PrefabAsset: {fileID: 0}
  m_GameObject: {fileID: 465770427642907327}
  m_LocalRotation: {x: 0, y: 0, z: 0, w: 1}
  m_LocalPosition: {x: 0, y: 0.171, z: 0}
  m_LocalScale: {x: 0.23, y: 0.15, z: 0.23}
  m_Children: []
  m_Father: {fileID: 461231854477716498}
  m_RootOrder: 0
  m_LocalEulerAnglesHint: {x: 0, y: 0, z: 0}
--- !u!33 &465770427642907313
MeshFilter:
  m_ObjectHideFlags: 0
  m_CorrespondingSourceObject: {fileID: 0}
  m_PrefabInstance: {fileID: 0}
  m_PrefabAsset: {fileID: 0}
  m_GameObject: {fileID: 465770427642907327}
  m_Mesh: {fileID: 10206, guid: 0000000000000000e000000000000000, type: 0}
--- !u!23 &465770427642907312
MeshRenderer:
  m_ObjectHideFlags: 0
  m_CorrespondingSourceObject: {fileID: 0}
  m_PrefabInstance: {fileID: 0}
  m_PrefabAsset: {fileID: 0}
  m_GameObject: {fileID: 465770427642907327}
  m_Enabled: 0
  m_CastShadows: 1
  m_ReceiveShadows: 1
  m_DynamicOccludee: 1
  m_MotionVectors: 1
  m_LightProbeUsage: 1
  m_ReflectionProbeUsage: 1
  m_RenderingLayerMask: 1
  m_RendererPriority: 0
  m_Materials:
  - {fileID: 10303, guid: 0000000000000000f000000000000000, type: 0}
  m_StaticBatchInfo:
    firstSubMesh: 0
    subMeshCount: 0
  m_StaticBatchRoot: {fileID: 0}
  m_ProbeAnchor: {fileID: 0}
  m_LightProbeVolumeOverride: {fileID: 0}
  m_ScaleInLightmap: 1
  m_ReceiveGI: 1
  m_PreserveUVs: 0
  m_IgnoreNormalsForChartDetection: 0
  m_ImportantGI: 0
  m_StitchLightmapSeams: 1
  m_SelectedEditorRenderState: 3
  m_MinimumChartSize: 4
  m_AutoUVMaxDistance: 0.5
  m_AutoUVMaxAngle: 89
  m_LightmapParameters: {fileID: 0}
  m_SortingLayerID: 0
  m_SortingLayer: 0
  m_SortingOrder: 0
--- !u!136 &465770427642907315
CapsuleCollider:
  m_ObjectHideFlags: 0
  m_CorrespondingSourceObject: {fileID: 0}
  m_PrefabInstance: {fileID: 0}
  m_PrefabAsset: {fileID: 0}
  m_GameObject: {fileID: 465770427642907327}
  m_Material: {fileID: 0}
  m_IsTrigger: 1
  m_Enabled: 1
  m_Radius: 0.5000001
  m_Height: 2.5
  m_Direction: 1
  m_Center: {x: 0.000000059604645, y: 0, z: -0.00000008940697}
--- !u!114 &465770427642907314
MonoBehaviour:
  m_ObjectHideFlags: 0
  m_CorrespondingSourceObject: {fileID: 0}
  m_PrefabInstance: {fileID: 0}
  m_PrefabAsset: {fileID: 0}
  m_GameObject: {fileID: 465770427642907327}
  m_Enabled: 1
  m_EditorHideFlags: 0
  m_Script: {fileID: 11500000, guid: 712bae3fbebfac94e8ded62b032d6bf2, type: 3}
  m_Name: 
  m_EditorClassIdentifier: 
  onEnter:
    m_PersistentCalls:
      m_Calls:
      - m_Target: {fileID: 465770426958997089}
        m_MethodName: OnEnter
        m_Mode: 0
        m_Arguments:
          m_ObjectArgument: {fileID: 0}
          m_ObjectArgumentAssemblyTypeName: UnityEngine.Object, UnityEngine
          m_IntArgument: 0
          m_FloatArgument: 0
          m_StringArgument: 
          m_BoolArgument: 0
        m_CallState: 2
  onExit:
    m_PersistentCalls:
      m_Calls:
      - m_Target: {fileID: 465770426958997089}
        m_MethodName: OnExit
        m_Mode: 0
        m_Arguments:
          m_ObjectArgument: {fileID: 0}
          m_ObjectArgumentAssemblyTypeName: UnityEngine.Object, UnityEngine
          m_IntArgument: 0
          m_FloatArgument: 0
          m_StringArgument: 
          m_BoolArgument: 0
        m_CallState: 2
  onStay:
    m_PersistentCalls:
      m_Calls:
      - m_Target: {fileID: 464667187005782020}
        m_MethodName: 
        m_Mode: 1
        m_Arguments:
          m_ObjectArgument: {fileID: 0}
          m_ObjectArgumentAssemblyTypeName: 
          m_IntArgument: 0
          m_FloatArgument: 0
          m_StringArgument: 
          m_BoolArgument: 0
        m_CallState: 2
--- !u!54 &465770427642907325
Rigidbody:
  m_ObjectHideFlags: 0
  m_CorrespondingSourceObject: {fileID: 0}
  m_PrefabInstance: {fileID: 0}
  m_PrefabAsset: {fileID: 0}
  m_GameObject: {fileID: 465770427642907327}
  serializedVersion: 2
  m_Mass: 1
  m_Drag: 0
  m_AngularDrag: 0.05
  m_UseGravity: 1
  m_IsKinematic: 1
  m_Interpolate: 0
  m_Constraints: 0
  m_CollisionDetection: 0
--- !u!64 &5432721388034295989
MeshCollider:
  m_ObjectHideFlags: 0
  m_CorrespondingSourceObject: {fileID: 0}
  m_PrefabInstance: {fileID: 0}
  m_PrefabAsset: {fileID: 0}
  m_GameObject: {fileID: 8812744351319722063}
  m_Material: {fileID: 0}
  m_IsTrigger: 0
  m_Enabled: 1
  serializedVersion: 3
  m_Convex: 1
  m_CookingOptions: 14
  m_Mesh: {fileID: 8120737689629532776, guid: ebdd80d955da16c499285dd97931e1d2, type: 3}
--- !u!1001 &679134650315133254
PrefabInstance:
  m_ObjectHideFlags: 0
  serializedVersion: 2
  m_Modification:
    m_TransformParent: {fileID: 461231854477716498}
    m_Modifications:
    - target: {fileID: -4216859302048453862, guid: ebdd80d955da16c499285dd97931e1d2,
        type: 3}
      propertyPath: m_LocalPosition.x
      value: -0.1668
      objectReference: {fileID: 0}
    - target: {fileID: -4216859302048453862, guid: ebdd80d955da16c499285dd97931e1d2,
        type: 3}
      propertyPath: m_LocalPosition.y
      value: 0.3627
      objectReference: {fileID: 0}
    - target: {fileID: -4216859302048453862, guid: ebdd80d955da16c499285dd97931e1d2,
        type: 3}
      propertyPath: m_LocalPosition.z
      value: -0.0026
      objectReference: {fileID: 0}
    - target: {fileID: -4216859302048453862, guid: ebdd80d955da16c499285dd97931e1d2,
        type: 3}
      propertyPath: m_LocalRotation.x
      value: 0.00000005920951
      objectReference: {fileID: 0}
    - target: {fileID: -4216859302048453862, guid: ebdd80d955da16c499285dd97931e1d2,
        type: 3}
      propertyPath: m_LocalRotation.y
      value: 0.68679553
      objectReference: {fileID: 0}
    - target: {fileID: -4216859302048453862, guid: ebdd80d955da16c499285dd97931e1d2,
        type: 3}
      propertyPath: m_LocalRotation.z
      value: 0.000000055946597
      objectReference: {fileID: 0}
    - target: {fileID: -4216859302048453862, guid: ebdd80d955da16c499285dd97931e1d2,
        type: 3}
      propertyPath: m_LocalRotation.w
      value: 0.72685075
      objectReference: {fileID: 0}
    - target: {fileID: -4216859302048453862, guid: ebdd80d955da16c499285dd97931e1d2,
        type: 3}
      propertyPath: m_RootOrder
      value: 2
      objectReference: {fileID: 0}
    - target: {fileID: -4216859302048453862, guid: ebdd80d955da16c499285dd97931e1d2,
        type: 3}
      propertyPath: m_LocalEulerAnglesHint.x
      value: 0
      objectReference: {fileID: 0}
    - target: {fileID: -4216859302048453862, guid: ebdd80d955da16c499285dd97931e1d2,
        type: 3}
      propertyPath: m_LocalEulerAnglesHint.y
      value: 86.754005
      objectReference: {fileID: 0}
    - target: {fileID: -4216859302048453862, guid: ebdd80d955da16c499285dd97931e1d2,
        type: 3}
      propertyPath: m_LocalEulerAnglesHint.z
      value: 0
      objectReference: {fileID: 0}
    - target: {fileID: -4216859302048453862, guid: ebdd80d955da16c499285dd97931e1d2,
        type: 3}
      propertyPath: m_LocalScale.x
      value: 0.5999999
      objectReference: {fileID: 0}
    - target: {fileID: -4216859302048453862, guid: ebdd80d955da16c499285dd97931e1d2,
        type: 3}
      propertyPath: m_LocalScale.y
      value: 0.6
      objectReference: {fileID: 0}
    - target: {fileID: -4216859302048453862, guid: ebdd80d955da16c499285dd97931e1d2,
        type: 3}
      propertyPath: m_LocalScale.z
      value: 0.39999995
      objectReference: {fileID: 0}
    - target: {fileID: -927199367670048503, guid: ebdd80d955da16c499285dd97931e1d2,
        type: 3}
      propertyPath: m_Name
      value: SM_Prop_Hoop_plate
      objectReference: {fileID: 0}
    m_RemovedComponents: []
  m_SourcePrefab: {fileID: 100100000, guid: ebdd80d955da16c499285dd97931e1d2, type: 3}
--- !u!1 &8812744351319722063 stripped
GameObject:
  m_CorrespondingSourceObject: {fileID: -927199367670048503, guid: ebdd80d955da16c499285dd97931e1d2,
    type: 3}
  m_PrefabInstance: {fileID: 679134650315133254}
  m_PrefabAsset: {fileID: 0}
--- !u!4 &5482694473671047772 stripped
Transform:
  m_CorrespondingSourceObject: {fileID: -4216859302048453862, guid: ebdd80d955da16c499285dd97931e1d2,
    type: 3}
  m_PrefabInstance: {fileID: 679134650315133254}
  m_PrefabAsset: {fileID: 0}
--- !u!1001 &8046157050031575035
PrefabInstance:
  m_ObjectHideFlags: 0
  serializedVersion: 2
  m_Modification:
    m_TransformParent: {fileID: 461231854477716498}
    m_Modifications:
    - target: {fileID: -4216859302048453862, guid: ccda1ab67fd74b94ea93e479f3a1149e,
        type: 3}
      propertyPath: m_LocalPosition.x
      value: 0
      objectReference: {fileID: 0}
    - target: {fileID: -4216859302048453862, guid: ccda1ab67fd74b94ea93e479f3a1149e,
        type: 3}
      propertyPath: m_LocalPosition.y
      value: 0
      objectReference: {fileID: 0}
    - target: {fileID: -4216859302048453862, guid: ccda1ab67fd74b94ea93e479f3a1149e,
        type: 3}
      propertyPath: m_LocalPosition.z
      value: 0
      objectReference: {fileID: 0}
    - target: {fileID: -4216859302048453862, guid: ccda1ab67fd74b94ea93e479f3a1149e,
        type: 3}
      propertyPath: m_LocalRotation.x
      value: -0.7071068
      objectReference: {fileID: 0}
    - target: {fileID: -4216859302048453862, guid: ccda1ab67fd74b94ea93e479f3a1149e,
        type: 3}
      propertyPath: m_LocalRotation.y
      value: -0
      objectReference: {fileID: 0}
    - target: {fileID: -4216859302048453862, guid: ccda1ab67fd74b94ea93e479f3a1149e,
        type: 3}
      propertyPath: m_LocalRotation.z
      value: -0
      objectReference: {fileID: 0}
    - target: {fileID: -4216859302048453862, guid: ccda1ab67fd74b94ea93e479f3a1149e,
        type: 3}
      propertyPath: m_LocalRotation.w
      value: 0.7071067
      objectReference: {fileID: 0}
    - target: {fileID: -4216859302048453862, guid: ccda1ab67fd74b94ea93e479f3a1149e,
        type: 3}
      propertyPath: m_RootOrder
      value: 3
      objectReference: {fileID: 0}
    - target: {fileID: -4216859302048453862, guid: ccda1ab67fd74b94ea93e479f3a1149e,
        type: 3}
      propertyPath: m_LocalEulerAnglesHint.x
      value: 0
      objectReference: {fileID: 0}
    - target: {fileID: -4216859302048453862, guid: ccda1ab67fd74b94ea93e479f3a1149e,
        type: 3}
      propertyPath: m_LocalEulerAnglesHint.y
      value: 0
      objectReference: {fileID: 0}
    - target: {fileID: -4216859302048453862, guid: ccda1ab67fd74b94ea93e479f3a1149e,
        type: 3}
      propertyPath: m_LocalEulerAnglesHint.z
      value: 0
      objectReference: {fileID: 0}
    - target: {fileID: -4216859302048453862, guid: ccda1ab67fd74b94ea93e479f3a1149e,
        type: 3}
      propertyPath: m_LocalScale.x
      value: 100
      objectReference: {fileID: 0}
    - target: {fileID: -4216859302048453862, guid: ccda1ab67fd74b94ea93e479f3a1149e,
        type: 3}
      propertyPath: m_LocalScale.y
      value: 100
      objectReference: {fileID: 0}
    - target: {fileID: -4216859302048453862, guid: ccda1ab67fd74b94ea93e479f3a1149e,
        type: 3}
      propertyPath: m_LocalScale.z
      value: 87
      objectReference: {fileID: 0}
    - target: {fileID: -1504981713932161579, guid: ccda1ab67fd74b94ea93e479f3a1149e,
        type: 3}
      propertyPath: m_Materials.Array.data[0]
      value: 
      objectReference: {fileID: 2100000, guid: e6997f2b503797742b4f0e8e37a26dfb, type: 2}
    - target: {fileID: -927199367670048503, guid: ccda1ab67fd74b94ea93e479f3a1149e,
        type: 3}
      propertyPath: m_Name
      value: round_basket_model
      objectReference: {fileID: 0}
    m_RemovedComponents: []
  m_SourcePrefab: {fileID: 100100000, guid: ccda1ab67fd74b94ea93e479f3a1149e, type: 3}
--- !u!4 &3085816742719169761 stripped
Transform:
  m_CorrespondingSourceObject: {fileID: -4216859302048453862, guid: ccda1ab67fd74b94ea93e479f3a1149e,
    type: 3}
  m_PrefabInstance: {fileID: 8046157050031575035}
  m_PrefabAsset: {fileID: 0}
