%YAML 1.1
%TAG !u! tag:unity3d.com,2011:
--- !u!1 &2069024105739239486
GameObject:
  m_ObjectHideFlags: 0
  m_CorrespondingSourceObject: {fileID: 0}
  m_PrefabInstance: {fileID: 0}
  m_PrefabAsset: {fileID: 0}
  serializedVersion: 6
  m_Component:
  - component: {fileID: 2069024105739239480}
  - component: {fileID: 2069024105739239487}
  m_Layer: 0
  m_Name: Task23
  m_TagString: Untagged
  m_Icon: {fileID: 0}
  m_NavMeshLayer: 0
  m_StaticEditorFlags: 0
  m_IsActive: 1
--- !u!4 &2069024105739239480
Transform:
  m_ObjectHideFlags: 0
  m_CorrespondingSourceObject: {fileID: 0}
  m_PrefabInstance: {fileID: 0}
  m_PrefabAsset: {fileID: 0}
  m_GameObject: {fileID: 2069024105739239486}
  m_LocalRotation: {x: -0, y: -0, z: -0, w: 1}
  m_LocalPosition: {x: 0, y: 0, z: 0}
  m_LocalScale: {x: 1, y: 1, z: 1}
  m_Children:
  - {fileID: 7747721133263066093}
  - {fileID: 7781566529212376991}
  - {fileID: 5049098335728108070}
  m_Father: {fileID: 0}
  m_RootOrder: 0
  m_LocalEulerAnglesHint: {x: 0, y: 0, z: 0}
--- !u!114 &2069024105739239487
MonoBehaviour:
  m_ObjectHideFlags: 0
  m_CorrespondingSourceObject: {fileID: 0}
  m_PrefabInstance: {fileID: 0}
  m_PrefabAsset: {fileID: 0}
  m_GameObject: {fileID: 2069024105739239486}
  m_Enabled: 1
  m_EditorHideFlags: 0
  m_Script: {fileID: 11500000, guid: a966cb47805e2a74b95383c4b5f056fd, type: 3}
  m_Name: 
  m_EditorClassIdentifier: 
  taskName: First Day
  wishes:
  - {fileID: -8476802559250378359, guid: f35734aed3cb6cd4d8f4de29b4b9cac5, type: 3}
  - {fileID: -2098853727932903733, guid: 8c7377ec0aee14a4ab1e9c98420b0982, type: 3}
  - {fileID: 7504502117698455550, guid: a87b51f39cc46e64b850c43a65e28d7f, type: 3}
  - {fileID: 7504502117698455550, guid: b6148fb9c7372754e89b252444787c3a, type: 3}
  - {fileID: 7012274683389624711, guid: e5f7efbdc2bd5c84a9f2acfbaef7fd46, type: 3}
  needs:
  - {fileID: 7747721133263066092}
  - {fileID: 7781566529212376988}
  - {fileID: 4476012285597466775}
  toInstantiate:
  - {fileID: 218439402362278155, guid: 17de351042c16e34fa50a9e8a12c1fc7, type: 3}
  - {fileID: 3304028112695742254, guid: 63642cc5271fc3641ad0d4068ed44315, type: 3}
  - {fileID: 376018860351853631, guid: f73c66fe86eceba4aa1176f34bb84121, type: 3}
  tutor: {fileID: 0}
  boosters:
  - {fileID: 7779506366929946023, guid: 20757d25ebc3fb8479c9794a8db2c62f, type: 3}
  - {fileID: 7779506366929946023, guid: 87722348a0f8d7140ad181addce09cce, type: 3}
  - {fileID: 7779506366929946023, guid: a6cae59c4246ff543b64971e32e4b936, type: 3}
--- !u!1001 &474002786688797035
PrefabInstance:
  m_ObjectHideFlags: 0
  serializedVersion: 2
  m_Modification:
    m_TransformParent: {fileID: 2069024105739239480}
    m_Modifications:
    - target: {fileID: 7885330717128027892, guid: d03fd9d30c8d6cb42aa518704ccddeed,
        type: 3}
      propertyPath: m_LocalPosition.x
      value: 0
      objectReference: {fileID: 0}
    - target: {fileID: 7885330717128027892, guid: d03fd9d30c8d6cb42aa518704ccddeed,
        type: 3}
      propertyPath: m_LocalPosition.y
      value: 0
      objectReference: {fileID: 0}
    - target: {fileID: 7885330717128027892, guid: d03fd9d30c8d6cb42aa518704ccddeed,
        type: 3}
      propertyPath: m_LocalPosition.z
      value: 0
      objectReference: {fileID: 0}
    - target: {fileID: 7885330717128027892, guid: d03fd9d30c8d6cb42aa518704ccddeed,
        type: 3}
      propertyPath: m_LocalRotation.x
      value: 0
      objectReference: {fileID: 0}
    - target: {fileID: 7885330717128027892, guid: d03fd9d30c8d6cb42aa518704ccddeed,
        type: 3}
      propertyPath: m_LocalRotation.y
      value: 0
      objectReference: {fileID: 0}
    - target: {fileID: 7885330717128027892, guid: d03fd9d30c8d6cb42aa518704ccddeed,
        type: 3}
      propertyPath: m_LocalRotation.z
      value: 0
      objectReference: {fileID: 0}
    - target: {fileID: 7885330717128027892, guid: d03fd9d30c8d6cb42aa518704ccddeed,
        type: 3}
      propertyPath: m_LocalRotation.w
      value: 1
      objectReference: {fileID: 0}
    - target: {fileID: 7885330717128027892, guid: d03fd9d30c8d6cb42aa518704ccddeed,
        type: 3}
      propertyPath: m_RootOrder
      value: 1
      objectReference: {fileID: 0}
    - target: {fileID: 7885330717128027892, guid: d03fd9d30c8d6cb42aa518704ccddeed,
        type: 3}
      propertyPath: m_LocalEulerAnglesHint.x
      value: 0
      objectReference: {fileID: 0}
    - target: {fileID: 7885330717128027892, guid: d03fd9d30c8d6cb42aa518704ccddeed,
        type: 3}
      propertyPath: m_LocalEulerAnglesHint.y
      value: 0
      objectReference: {fileID: 0}
    - target: {fileID: 7885330717128027892, guid: d03fd9d30c8d6cb42aa518704ccddeed,
        type: 3}
      propertyPath: m_LocalEulerAnglesHint.z
      value: 0
      objectReference: {fileID: 0}
    - target: {fileID: 7885330717128027894, guid: d03fd9d30c8d6cb42aa518704ccddeed,
        type: 3}
      propertyPath: m_Name
      value: BarMomPep
      objectReference: {fileID: 0}
    m_RemovedComponents: []
  m_SourcePrefab: {fileID: 100100000, guid: d03fd9d30c8d6cb42aa518704ccddeed, type: 3}
--- !u!4 &7781566529212376991 stripped
Transform:
  m_CorrespondingSourceObject: {fileID: 7885330717128027892, guid: d03fd9d30c8d6cb42aa518704ccddeed,
    type: 3}
  m_PrefabInstance: {fileID: 474002786688797035}
  m_PrefabAsset: {fileID: 0}
--- !u!114 &7781566529212376988 stripped
MonoBehaviour:
  m_CorrespondingSourceObject: {fileID: 7885330717128027895, guid: d03fd9d30c8d6cb42aa518704ccddeed,
    type: 3}
  m_PrefabInstance: {fileID: 474002786688797035}
  m_PrefabAsset: {fileID: 0}
  m_GameObject: {fileID: 0}
  m_Enabled: 1
  m_EditorHideFlags: 0
  m_Script: {fileID: 11500000, guid: a330a8d5647282547a1bf86e9641bbc0, type: 3}
  m_Name: 
  m_EditorClassIdentifier: 
--- !u!1001 &4630681247440451692
PrefabInstance:
  m_ObjectHideFlags: 0
  serializedVersion: 2
  m_Modification:
    m_TransformParent: {fileID: 2069024105739239480}
    m_Modifications:
    - target: {fileID: 3154229879896976256, guid: 47dbb953fe28ecc4797617be574ff73b,
        type: 3}
      propertyPath: speed
      value: 0.005
      objectReference: {fileID: 0}
    - target: {fileID: 3154229879896976257, guid: 47dbb953fe28ecc4797617be574ff73b,
        type: 3}
      propertyPath: m_LocalPosition.x
      value: 0
      objectReference: {fileID: 0}
    - target: {fileID: 3154229879896976257, guid: 47dbb953fe28ecc4797617be574ff73b,
        type: 3}
      propertyPath: m_LocalPosition.y
      value: 0
      objectReference: {fileID: 0}
    - target: {fileID: 3154229879896976257, guid: 47dbb953fe28ecc4797617be574ff73b,
        type: 3}
      propertyPath: m_LocalPosition.z
      value: 0
      objectReference: {fileID: 0}
    - target: {fileID: 3154229879896976257, guid: 47dbb953fe28ecc4797617be574ff73b,
        type: 3}
      propertyPath: m_LocalRotation.x
      value: 0
      objectReference: {fileID: 0}
    - target: {fileID: 3154229879896976257, guid: 47dbb953fe28ecc4797617be574ff73b,
        type: 3}
      propertyPath: m_LocalRotation.y
      value: 0
      objectReference: {fileID: 0}
    - target: {fileID: 3154229879896976257, guid: 47dbb953fe28ecc4797617be574ff73b,
        type: 3}
      propertyPath: m_LocalRotation.z
      value: 0
      objectReference: {fileID: 0}
    - target: {fileID: 3154229879896976257, guid: 47dbb953fe28ecc4797617be574ff73b,
        type: 3}
      propertyPath: m_LocalRotation.w
      value: 1
      objectReference: {fileID: 0}
    - target: {fileID: 3154229879896976257, guid: 47dbb953fe28ecc4797617be574ff73b,
        type: 3}
      propertyPath: m_RootOrder
      value: 0
      objectReference: {fileID: 0}
    - target: {fileID: 3154229879896976257, guid: 47dbb953fe28ecc4797617be574ff73b,
        type: 3}
      propertyPath: m_LocalEulerAnglesHint.x
      value: 0
      objectReference: {fileID: 0}
    - target: {fileID: 3154229879896976257, guid: 47dbb953fe28ecc4797617be574ff73b,
        type: 3}
      propertyPath: m_LocalEulerAnglesHint.y
      value: 0
      objectReference: {fileID: 0}
    - target: {fileID: 3154229879896976257, guid: 47dbb953fe28ecc4797617be574ff73b,
        type: 3}
      propertyPath: m_LocalEulerAnglesHint.z
      value: 0
      objectReference: {fileID: 0}
    - target: {fileID: 3154229879896976263, guid: 47dbb953fe28ecc4797617be574ff73b,
        type: 3}
      propertyPath: m_Name
      value: BabyMood
      objectReference: {fileID: 0}
    m_RemovedComponents: []
  m_SourcePrefab: {fileID: 100100000, guid: 47dbb953fe28ecc4797617be574ff73b, type: 3}
--- !u!4 &7747721133263066093 stripped
Transform:
  m_CorrespondingSourceObject: {fileID: 3154229879896976257, guid: 47dbb953fe28ecc4797617be574ff73b,
    type: 3}
  m_PrefabInstance: {fileID: 4630681247440451692}
  m_PrefabAsset: {fileID: 0}
--- !u!114 &7747721133263066092 stripped
MonoBehaviour:
  m_CorrespondingSourceObject: {fileID: 3154229879896976256, guid: 47dbb953fe28ecc4797617be574ff73b,
    type: 3}
  m_PrefabInstance: {fileID: 4630681247440451692}
  m_PrefabAsset: {fileID: 0}
  m_GameObject: {fileID: 0}
  m_Enabled: 1
  m_EditorHideFlags: 0
  m_Script: {fileID: 11500000, guid: 890668f40c69c5040a0106aedd56ba11, type: 3}
  m_Name: 
  m_EditorClassIdentifier: 
--- !u!1001 &8570266280718336888
PrefabInstance:
  m_ObjectHideFlags: 0
  serializedVersion: 2
  m_Modification:
    m_TransformParent: {fileID: 2069024105739239480}
    m_Modifications:
    - target: {fileID: 3530175496466628958, guid: ca2363ef7b9d751429a5912bd0fc60b8,
        type: 3}
      propertyPath: m_LocalPosition.x
      value: 0
      objectReference: {fileID: 0}
    - target: {fileID: 3530175496466628958, guid: ca2363ef7b9d751429a5912bd0fc60b8,
        type: 3}
      propertyPath: m_LocalPosition.y
      value: 0
      objectReference: {fileID: 0}
    - target: {fileID: 3530175496466628958, guid: ca2363ef7b9d751429a5912bd0fc60b8,
        type: 3}
      propertyPath: m_LocalPosition.z
      value: 0
      objectReference: {fileID: 0}
    - target: {fileID: 3530175496466628958, guid: ca2363ef7b9d751429a5912bd0fc60b8,
        type: 3}
      propertyPath: m_LocalRotation.x
      value: 0
      objectReference: {fileID: 0}
    - target: {fileID: 3530175496466628958, guid: ca2363ef7b9d751429a5912bd0fc60b8,
        type: 3}
      propertyPath: m_LocalRotation.y
      value: 0
      objectReference: {fileID: 0}
    - target: {fileID: 3530175496466628958, guid: ca2363ef7b9d751429a5912bd0fc60b8,
        type: 3}
      propertyPath: m_LocalRotation.z
      value: 0
      objectReference: {fileID: 0}
    - target: {fileID: 3530175496466628958, guid: ca2363ef7b9d751429a5912bd0fc60b8,
        type: 3}
      propertyPath: m_LocalRotation.w
      value: 1
      objectReference: {fileID: 0}
    - target: {fileID: 3530175496466628958, guid: ca2363ef7b9d751429a5912bd0fc60b8,
        type: 3}
      propertyPath: m_RootOrder
      value: 2
      objectReference: {fileID: 0}
    - target: {fileID: 3530175496466628958, guid: ca2363ef7b9d751429a5912bd0fc60b8,
        type: 3}
      propertyPath: m_LocalEulerAnglesHint.x
      value: 0
      objectReference: {fileID: 0}
    - target: {fileID: 3530175496466628958, guid: ca2363ef7b9d751429a5912bd0fc60b8,
        type: 3}
      propertyPath: m_LocalEulerAnglesHint.y
      value: 0
      objectReference: {fileID: 0}
    - target: {fileID: 3530175496466628958, guid: ca2363ef7b9d751429a5912bd0fc60b8,
        type: 3}
      propertyPath: m_LocalEulerAnglesHint.z
      value: 0
      objectReference: {fileID: 0}
    - target: {fileID: 3530175496466628959, guid: ca2363ef7b9d751429a5912bd0fc60b8,
        type: 3}
      propertyPath: m_Name
      value: BarDaughterMood
      objectReference: {fileID: 0}
    m_RemovedComponents: []
  m_SourcePrefab: {fileID: 100100000, guid: ca2363ef7b9d751429a5912bd0fc60b8, type: 3}
--- !u!4 &5049098335728108070 stripped
Transform:
  m_CorrespondingSourceObject: {fileID: 3530175496466628958, guid: ca2363ef7b9d751429a5912bd0fc60b8,
    type: 3}
  m_PrefabInstance: {fileID: 8570266280718336888}
  m_PrefabAsset: {fileID: 0}
--- !u!114 &4476012285597466775 stripped
MonoBehaviour:
  m_CorrespondingSourceObject: {fileID: -3967021790618991633, guid: ca2363ef7b9d751429a5912bd0fc60b8,
    type: 3}
  m_PrefabInstance: {fileID: 8570266280718336888}
  m_PrefabAsset: {fileID: 0}
  m_GameObject: {fileID: 0}
  m_Enabled: 1
  m_EditorHideFlags: 0
  m_Script: {fileID: 11500000, guid: 244d2191482f43b4abcfe59365a16e0d, type: 3}
  m_Name: 
  m_EditorClassIdentifier: 
