%YAML 1.1
%TAG !u! tag:unity3d.com,2011:
--- !u!1 &2069024105739239486
GameObject:
  m_ObjectHideFlags: 0
  m_CorrespondingSourceObject: {fileID: 0}
  m_PrefabInstance: {fileID: 0}
  m_PrefabAsset: {fileID: 0}
  serializedVersion: 6
  m_Component:
  - component: {fileID: 2069024105739239480}
  - component: {fileID: 2069024105739239487}
  m_Layer: 0
  m_Name: Task44
  m_TagString: Untagged
  m_Icon: {fileID: 0}
  m_NavMeshLayer: 0
  m_StaticEditorFlags: 0
  m_IsActive: 1
--- !u!4 &2069024105739239480
Transform:
  m_ObjectHideFlags: 0
  m_CorrespondingSourceObject: {fileID: 0}
  m_PrefabInstance: {fileID: 0}
  m_PrefabAsset: {fileID: 0}
  m_GameObject: {fileID: 2069024105739239486}
  m_LocalRotation: {x: -0, y: -0, z: -0, w: 1}
  m_LocalPosition: {x: 0, y: 0, z: 0}
  m_LocalScale: {x: 1, y: 1, z: 1}
  m_Children:
  - {fileID: 7747721133263066093}
  - {fileID: 226222228904951993}
  m_Father: {fileID: 0}
  m_RootOrder: 0
  m_LocalEulerAnglesHint: {x: 0, y: 0, z: 0}
--- !u!114 &2069024105739239487
MonoBehaviour:
  m_ObjectHideFlags: 0
  m_CorrespondingSourceObject: {fileID: 0}
  m_PrefabInstance: {fileID: 0}
  m_PrefabAsset: {fileID: 0}
  m_GameObject: {fileID: 2069024105739239486}
  m_Enabled: 1
  m_EditorHideFlags: 0
  m_Script: {fileID: 11500000, guid: a966cb47805e2a74b95383c4b5f056fd, type: 3}
  m_Name: 
  m_EditorClassIdentifier: 
  taskName: First Day
  wishes:
  - {fileID: 5584686756688831030, guid: 34ae343382b736e4f834c55be392c52f, type: 3}
  - {fileID: -2098853727932903733, guid: 8c7377ec0aee14a4ab1e9c98420b0982, type: 3}
  - {fileID: 7504502117698455550, guid: 1bd6c6708a7ee144090ea569ae8d6d97, type: 3}
  - {fileID: 7012274683389624711, guid: e5f7efbdc2bd5c84a9f2acfbaef7fd46, type: 3}
  needs:
  - {fileID: 7747721133263066092}
  - {fileID: 226222228904951994}
  toInstantiate:
  - {fileID: 6265388990175332810, guid: ef4f4f3aae14bfb43a63c71372eae99c, type: 3}
  - {fileID: 5858154433238047952, guid: 58affcb613b80174bbba71237d5ca167, type: 3}
  - {fileID: 4922880358435176582, guid: 743b9ece1202a59419e0a90951c08e34, type: 3}
  - {fileID: 3304028112695742254, guid: 63642cc5271fc3641ad0d4068ed44315, type: 3}
  - {fileID: 4489098407151024060, guid: f47ecb70c30d60e4cac89f50936983be, type: 3}
  tutor: {fileID: 3295365652187792928, guid: ae3da9b1c3e89e54a9f3cb9acc491bde, type: 3}
  boosters:
  - {fileID: 7779506366929946023, guid: 20757d25ebc3fb8479c9794a8db2c62f, type: 3}
  - {fileID: 7779506366929946023, guid: fb6874749cd7189448793902f9b099c5, type: 3}
  - {fileID: 7779506366929946023, guid: 9691fc34bddc03841b40af52b1038de7, type: 3}
--- !u!1001 &4630681247440451692
PrefabInstance:
  m_ObjectHideFlags: 0
  serializedVersion: 2
  m_Modification:
    m_TransformParent: {fileID: 2069024105739239480}
    m_Modifications:
    - target: {fileID: 3154229879896976256, guid: 47dbb953fe28ecc4797617be574ff73b,
        type: 3}
      propertyPath: speed
      value: 0.005
      objectReference: {fileID: 0}
    - target: {fileID: 3154229879896976257, guid: 47dbb953fe28ecc4797617be574ff73b,
        type: 3}
      propertyPath: m_LocalPosition.x
      value: 0
      objectReference: {fileID: 0}
    - target: {fileID: 3154229879896976257, guid: 47dbb953fe28ecc4797617be574ff73b,
        type: 3}
      propertyPath: m_LocalPosition.y
      value: 0
      objectReference: {fileID: 0}
    - target: {fileID: 3154229879896976257, guid: 47dbb953fe28ecc4797617be574ff73b,
        type: 3}
      propertyPath: m_LocalPosition.z
      value: 0
      objectReference: {fileID: 0}
    - target: {fileID: 3154229879896976257, guid: 47dbb953fe28ecc4797617be574ff73b,
        type: 3}
      propertyPath: m_LocalRotation.x
      value: 0
      objectReference: {fileID: 0}
    - target: {fileID: 3154229879896976257, guid: 47dbb953fe28ecc4797617be574ff73b,
        type: 3}
      propertyPath: m_LocalRotation.y
      value: 0
      objectReference: {fileID: 0}
    - target: {fileID: 3154229879896976257, guid: 47dbb953fe28ecc4797617be574ff73b,
        type: 3}
      propertyPath: m_LocalRotation.z
      value: 0
      objectReference: {fileID: 0}
    - target: {fileID: 3154229879896976257, guid: 47dbb953fe28ecc4797617be574ff73b,
        type: 3}
      propertyPath: m_LocalRotation.w
      value: 1
      objectReference: {fileID: 0}
    - target: {fileID: 3154229879896976257, guid: 47dbb953fe28ecc4797617be574ff73b,
        type: 3}
      propertyPath: m_RootOrder
      value: 0
      objectReference: {fileID: 0}
    - target: {fileID: 3154229879896976257, guid: 47dbb953fe28ecc4797617be574ff73b,
        type: 3}
      propertyPath: m_LocalEulerAnglesHint.x
      value: 0
      objectReference: {fileID: 0}
    - target: {fileID: 3154229879896976257, guid: 47dbb953fe28ecc4797617be574ff73b,
        type: 3}
      propertyPath: m_LocalEulerAnglesHint.y
      value: 0
      objectReference: {fileID: 0}
    - target: {fileID: 3154229879896976257, guid: 47dbb953fe28ecc4797617be574ff73b,
        type: 3}
      propertyPath: m_LocalEulerAnglesHint.z
      value: 0
      objectReference: {fileID: 0}
    - target: {fileID: 3154229879896976263, guid: 47dbb953fe28ecc4797617be574ff73b,
        type: 3}
      propertyPath: m_Name
      value: BabyMood
      objectReference: {fileID: 0}
    m_RemovedComponents: []
  m_SourcePrefab: {fileID: 100100000, guid: 47dbb953fe28ecc4797617be574ff73b, type: 3}
--- !u!4 &7747721133263066093 stripped
Transform:
  m_CorrespondingSourceObject: {fileID: 3154229879896976257, guid: 47dbb953fe28ecc4797617be574ff73b,
    type: 3}
  m_PrefabInstance: {fileID: 4630681247440451692}
  m_PrefabAsset: {fileID: 0}
--- !u!114 &7747721133263066092 stripped
MonoBehaviour:
  m_CorrespondingSourceObject: {fileID: 3154229879896976256, guid: 47dbb953fe28ecc4797617be574ff73b,
    type: 3}
  m_PrefabInstance: {fileID: 4630681247440451692}
  m_PrefabAsset: {fileID: 0}
  m_GameObject: {fileID: 0}
  m_Enabled: 1
  m_EditorHideFlags: 0
  m_Script: {fileID: 11500000, guid: 890668f40c69c5040a0106aedd56ba11, type: 3}
  m_Name: 
  m_EditorClassIdentifier: 
--- !u!1001 &5927116424534471931
PrefabInstance:
  m_ObjectHideFlags: 0
  serializedVersion: 2
  m_Modification:
    m_TransformParent: {fileID: 2069024105739239480}
    m_Modifications:
    - target: {fileID: 5864508148956525633, guid: 7427f4a338403dc4b8d43d04d807c897,
        type: 3}
      propertyPath: anim
      value: 
      objectReference: {fileID: 0}
    - target: {fileID: 5864508148956525633, guid: 7427f4a338403dc4b8d43d04d807c897,
        type: 3}
      propertyPath: level
      value: 0.8
      objectReference: {fileID: 0}
    - target: {fileID: 5864508148956525634, guid: 7427f4a338403dc4b8d43d04d807c897,
        type: 3}
      propertyPath: m_LocalPosition.x
      value: 0
      objectReference: {fileID: 0}
    - target: {fileID: 5864508148956525634, guid: 7427f4a338403dc4b8d43d04d807c897,
        type: 3}
      propertyPath: m_LocalPosition.y
      value: 0
      objectReference: {fileID: 0}
    - target: {fileID: 5864508148956525634, guid: 7427f4a338403dc4b8d43d04d807c897,
        type: 3}
      propertyPath: m_LocalPosition.z
      value: 0
      objectReference: {fileID: 0}
    - target: {fileID: 5864508148956525634, guid: 7427f4a338403dc4b8d43d04d807c897,
        type: 3}
      propertyPath: m_LocalRotation.x
      value: 0
      objectReference: {fileID: 0}
    - target: {fileID: 5864508148956525634, guid: 7427f4a338403dc4b8d43d04d807c897,
        type: 3}
      propertyPath: m_LocalRotation.y
      value: 0
      objectReference: {fileID: 0}
    - target: {fileID: 5864508148956525634, guid: 7427f4a338403dc4b8d43d04d807c897,
        type: 3}
      propertyPath: m_LocalRotation.z
      value: 0
      objectReference: {fileID: 0}
    - target: {fileID: 5864508148956525634, guid: 7427f4a338403dc4b8d43d04d807c897,
        type: 3}
      propertyPath: m_LocalRotation.w
      value: 1
      objectReference: {fileID: 0}
    - target: {fileID: 5864508148956525634, guid: 7427f4a338403dc4b8d43d04d807c897,
        type: 3}
      propertyPath: m_RootOrder
      value: 1
      objectReference: {fileID: 0}
    - target: {fileID: 5864508148956525634, guid: 7427f4a338403dc4b8d43d04d807c897,
        type: 3}
      propertyPath: m_LocalEulerAnglesHint.x
      value: 0
      objectReference: {fileID: 0}
    - target: {fileID: 5864508148956525634, guid: 7427f4a338403dc4b8d43d04d807c897,
        type: 3}
      propertyPath: m_LocalEulerAnglesHint.y
      value: 0
      objectReference: {fileID: 0}
    - target: {fileID: 5864508148956525634, guid: 7427f4a338403dc4b8d43d04d807c897,
        type: 3}
      propertyPath: m_LocalEulerAnglesHint.z
      value: 0
      objectReference: {fileID: 0}
    - target: {fileID: 5864508148956525635, guid: 7427f4a338403dc4b8d43d04d807c897,
        type: 3}
      propertyPath: m_Name
      value: BarGuestMood
      objectReference: {fileID: 0}
    m_RemovedComponents: []
  m_SourcePrefab: {fileID: 100100000, guid: 7427f4a338403dc4b8d43d04d807c897, type: 3}
--- !u!4 &226222228904951993 stripped
Transform:
  m_CorrespondingSourceObject: {fileID: 5864508148956525634, guid: 7427f4a338403dc4b8d43d04d807c897,
    type: 3}
  m_PrefabInstance: {fileID: 5927116424534471931}
  m_PrefabAsset: {fileID: 0}
--- !u!114 &226222228904951994 stripped
MonoBehaviour:
  m_CorrespondingSourceObject: {fileID: 5864508148956525633, guid: 7427f4a338403dc4b8d43d04d807c897,
    type: 3}
  m_PrefabInstance: {fileID: 5927116424534471931}
  m_PrefabAsset: {fileID: 0}
  m_GameObject: {fileID: 0}
  m_Enabled: 1
  m_EditorHideFlags: 0
  m_Script: {fileID: 11500000, guid: fbb965a6f92b19142a13fb0d0c424643, type: 3}
  m_Name: 
  m_EditorClassIdentifier: 
