%YAML 1.1
%TAG !u! tag:unity3d.com,2011:
--- !u!1 &4927783169113243143
GameObject:
  m_ObjectHideFlags: 0
  m_CorrespondingSourceObject: {fileID: 0}
  m_PrefabInstance: {fileID: 0}
  m_PrefabAsset: {fileID: 0}
  serializedVersion: 6
  m_Component:
  - component: {fileID: 4927783169113243142}
  m_Layer: 12
  m_Name: Handler
  m_TagString: Untagged
  m_Icon: {fileID: 0}
  m_NavMeshLayer: 0
  m_StaticEditorFlags: 16
  m_IsActive: 1
--- !u!4 &4927783169113243142
Transform:
  m_ObjectHideFlags: 0
  m_CorrespondingSourceObject: {fileID: 0}
  m_PrefabInstance: {fileID: 0}
  m_PrefabAsset: {fileID: 0}
  m_GameObject: {fileID: 4927783169113243143}
  m_LocalRotation: {x: -0.33069667, y: 0.40606672, z: 0.7544329, w: -0.39570248}
  m_LocalPosition: {x: -0.209, y: 0.072, z: 0.331}
  m_LocalScale: {x: 1, y: 1, z: 1}
  m_Children: []
  m_Father: {fileID: 7794756083851717638}
  m_RootOrder: 0
  m_LocalEulerAnglesHint: {x: -20.548, y: -61.172005, z: 247.58499}
--- !u!1 &7794756083851953634
GameObject:
  m_ObjectHideFlags: 0
  m_CorrespondingSourceObject: {fileID: 0}
  m_PrefabInstance: {fileID: 0}
  m_PrefabAsset: {fileID: 0}
  serializedVersion: 6
  m_Component:
  - component: {fileID: 7794756083851717638}
  - component: {fileID: 7794756083855124630}
  - component: {fileID: 7794756083854002908}
  - component: {fileID: 7794756083849864658}
  - component: {fileID: 4927783170604494123}
  - component: {fileID: 7794756083851822493}
  - component: {fileID: 4927783170604494122}
  - component: {fileID: 4927783170604494121}
  m_Layer: 12
  m_Name: Boat_C_Prefab
  m_TagString: Untagged
  m_Icon: {fileID: 0}
  m_NavMeshLayer: 0
  m_StaticEditorFlags: 16
  m_IsActive: 1
--- !u!4 &7794756083851717638
Transform:
  m_ObjectHideFlags: 0
  m_CorrespondingSourceObject: {fileID: 0}
  m_PrefabInstance: {fileID: 0}
  m_PrefabAsset: {fileID: 0}
  m_GameObject: {fileID: 7794756083851953634}
  m_LocalRotation: {x: 0, y: -0.69458306, z: 0, w: 0.71941257}
  m_LocalPosition: {x: -17.204998, y: -2.9119995, z: 9.323}
  m_LocalScale: {x: 0.5, y: 0.5, z: 0.5}
  m_Children:
  - {fileID: 4927783169113243142}
  m_Father: {fileID: 0}
  m_RootOrder: 0
  m_LocalEulerAnglesHint: {x: 0, y: -87.98801, z: 0}
--- !u!33 &7794756083855124630
MeshFilter:
  m_ObjectHideFlags: 0
  m_CorrespondingSourceObject: {fileID: 0}
  m_PrefabInstance: {fileID: 0}
  m_PrefabAsset: {fileID: 0}
  m_GameObject: {fileID: 7794756083851953634}
  m_Mesh: {fileID: 4300000, guid: 7644f16d675034f4e9481a3db3be6f28, type: 3}
--- !u!23 &7794756083854002908
MeshRenderer:
  m_ObjectHideFlags: 0
  m_CorrespondingSourceObject: {fileID: 0}
  m_PrefabInstance: {fileID: 0}
  m_PrefabAsset: {fileID: 0}
  m_GameObject: {fileID: 7794756083851953634}
  m_Enabled: 1
  m_CastShadows: 1
  m_ReceiveShadows: 1
  m_DynamicOccludee: 1
  m_MotionVectors: 1
  m_LightProbeUsage: 1
  m_ReflectionProbeUsage: 1
  m_RenderingLayerMask: 1
  m_RendererPriority: 0
  m_Materials:
  - {fileID: 2100000, guid: 9104de8c13fec264c8a7f580bdea1bda, type: 2}
  m_StaticBatchInfo:
    firstSubMesh: 0
    subMeshCount: 0
  m_StaticBatchRoot: {fileID: 0}
  m_ProbeAnchor: {fileID: 0}
  m_LightProbeVolumeOverride: {fileID: 0}
  m_ScaleInLightmap: 1
  m_ReceiveGI: 1
  m_PreserveUVs: 0
  m_IgnoreNormalsForChartDetection: 0
  m_ImportantGI: 0
  m_StitchLightmapSeams: 0
  m_SelectedEditorRenderState: 3
  m_MinimumChartSize: 4
  m_AutoUVMaxDistance: 0.5
  m_AutoUVMaxAngle: 89
  m_LightmapParameters: {fileID: 0}
  m_SortingLayerID: 0
  m_SortingLayer: 0
  m_SortingOrder: 0
--- !u!64 &7794756083849864658
MeshCollider:
  m_ObjectHideFlags: 0
  m_CorrespondingSourceObject: {fileID: 0}
  m_PrefabInstance: {fileID: 0}
  m_PrefabAsset: {fileID: 0}
  m_GameObject: {fileID: 7794756083851953634}
  m_Material: {fileID: 0}
  m_IsTrigger: 0
  m_Enabled: 1
  serializedVersion: 3
  m_Convex: 1
  m_CookingOptions: 14
  m_Mesh: {fileID: 4300000, guid: 7644f16d675034f4e9481a3db3be6f28, type: 3}
--- !u!54 &4927783170604494123
Rigidbody:
  m_ObjectHideFlags: 0
  m_CorrespondingSourceObject: {fileID: 0}
  m_PrefabInstance: {fileID: 0}
  m_PrefabAsset: {fileID: 0}
  m_GameObject: {fileID: 7794756083851953634}
  serializedVersion: 2
  m_Mass: 1
  m_Drag: 0
  m_AngularDrag: 0.05
  m_UseGravity: 1
  m_IsKinematic: 0
  m_Interpolate: 0
  m_Constraints: 0
  m_CollisionDetection: 0
--- !u!65 &7794756083851822493
BoxCollider:
  m_ObjectHideFlags: 0
  m_CorrespondingSourceObject: {fileID: 0}
  m_PrefabInstance: {fileID: 0}
  m_PrefabAsset: {fileID: 0}
  m_GameObject: {fileID: 7794756083851953634}
  m_Material: {fileID: 0}
  m_IsTrigger: 0
  m_Enabled: 0
  serializedVersion: 2
  m_Size: {x: 1.1903151, y: 0.63455504, z: 0.59252685}
  m_Center: {x: -0.1302564, y: 0.31172898, z: 1.1399296e-15}
--- !u!114 &4927783170604494122
MonoBehaviour:
  m_ObjectHideFlags: 0
  m_CorrespondingSourceObject: {fileID: 0}
  m_PrefabInstance: {fileID: 0}
  m_PrefabAsset: {fileID: 0}
  m_GameObject: {fileID: 7794756083851953634}
  m_Enabled: 1
  m_EditorHideFlags: 0
  m_Script: {fileID: 11500000, guid: 089fb2e614b28964ca337c25a8f4f84e, type: 3}
  m_Name: 
  m_EditorClassIdentifier: 
  handlies:
  - phase: 1
    target: 2
    parent: 3
    setPos: 1
    setRot: 1
    posHandler: {fileID: 4927783169113243142}
    rotHandler: {fileID: 4927783169113243142}
    targetPos: {x: 0, y: 0, z: 0}
    targetRot: {x: 0, y: 0, z: 0}
  applyInterfaceTarget: 0
  onStartTake:
    m_PersistentCalls:
      m_Calls: []
  onBeforeTake:
    m_PersistentCalls:
      m_Calls: []
  onTaked:
    m_PersistentCalls:
      m_Calls: []
  onReleased:
    m_PersistentCalls:
      m_Calls: []
  blockHands: 0
  skipTakeAnimation: 1
  animateReachout: 1
  animateThrow: 1
  grip: 0.7
--- !u!114 &4927783170604494121
MonoBehaviour:
  m_ObjectHideFlags: 0
  m_CorrespondingSourceObject: {fileID: 0}
  m_PrefabInstance: {fileID: 0}
  m_PrefabAsset: {fileID: 0}
  m_GameObject: {fileID: 7794756083851953634}
  m_Enabled: 1
  m_EditorHideFlags: 0
  m_Script: {fileID: 11500000, guid: 3be707b5a2570d044a4e71c2baa10e91, type: 3}
  m_Name: 
  m_EditorClassIdentifier: 
  description: Boat
  onCollect:
    m_PersistentCalls:
      m_Calls: []
