%YAML 1.1
%TAG !u! tag:unity3d.com,2011:
--- !u!1 &5100186221816419544
GameObject:
  m_ObjectHideFlags: 0
  m_CorrespondingSourceObject: {fileID: 0}
  m_PrefabInstance: {fileID: 0}
  m_PrefabAsset: {fileID: 0}
  serializedVersion: 6
  m_Component:
  - component: {fileID: 5100186221816419547}
  m_Layer: 0
  m_Name: Fence
  m_TagString: Untagged
  m_Icon: {fileID: 0}
  m_NavMeshLayer: 0
  m_StaticEditorFlags: 0
  m_IsActive: 1
--- !u!4 &5100186221816419547
Transform:
  m_ObjectHideFlags: 0
  m_CorrespondingSourceObject: {fileID: 0}
  m_PrefabInstance: {fileID: 0}
  m_PrefabAsset: {fileID: 0}
  m_GameObject: {fileID: 5100186221816419544}
  m_LocalRotation: {x: 0, y: 0, z: 0, w: 1}
  m_LocalPosition: {x: 0, y: 0, z: 0}
  m_LocalScale: {x: 1, y: 1, z: 1}
  m_Children:
  - {fileID: 8884907278837935411}
  - {fileID: 8912418840138818988}
  - {fileID: 4302430994297442715}
  - {fileID: 1148299520668330714}
  - {fileID: 3723587638187462727}
  - {fileID: 5826345186406363506}
  m_Father: {fileID: 0}
  m_RootOrder: 0
  m_LocalEulerAnglesHint: {x: 0, y: 0, z: 0}
--- !u!1001 &1152669880011657836
PrefabInstance:
  m_ObjectHideFlags: 0
  serializedVersion: 2
  m_Modification:
    m_TransformParent: {fileID: 5100186221816419547}
    m_Modifications:
    - target: {fileID: 1326242154806616, guid: 6feb631b9ce5ff940802dd0f457bf373, type: 3}
      propertyPath: m_Name
      value: SM_Env_Fence_White_Straight_01 (3)
      objectReference: {fileID: 0}
    - target: {fileID: 4661321904486582, guid: 6feb631b9ce5ff940802dd0f457bf373, type: 3}
      propertyPath: m_LocalPosition.x
      value: 11.92
      objectReference: {fileID: 0}
    - target: {fileID: 4661321904486582, guid: 6feb631b9ce5ff940802dd0f457bf373, type: 3}
      propertyPath: m_LocalPosition.y
      value: -0.21
      objectReference: {fileID: 0}
    - target: {fileID: 4661321904486582, guid: 6feb631b9ce5ff940802dd0f457bf373, type: 3}
      propertyPath: m_LocalPosition.z
      value: 37.33
      objectReference: {fileID: 0}
    - target: {fileID: 4661321904486582, guid: 6feb631b9ce5ff940802dd0f457bf373, type: 3}
      propertyPath: m_LocalRotation.x
      value: 0
      objectReference: {fileID: 0}
    - target: {fileID: 4661321904486582, guid: 6feb631b9ce5ff940802dd0f457bf373, type: 3}
      propertyPath: m_LocalRotation.y
      value: 0.7071068
      objectReference: {fileID: 0}
    - target: {fileID: 4661321904486582, guid: 6feb631b9ce5ff940802dd0f457bf373, type: 3}
      propertyPath: m_LocalRotation.z
      value: 0
      objectReference: {fileID: 0}
    - target: {fileID: 4661321904486582, guid: 6feb631b9ce5ff940802dd0f457bf373, type: 3}
      propertyPath: m_LocalRotation.w
      value: 0.7071068
      objectReference: {fileID: 0}
    - target: {fileID: 4661321904486582, guid: 6feb631b9ce5ff940802dd0f457bf373, type: 3}
      propertyPath: m_RootOrder
      value: 3
      objectReference: {fileID: 0}
    - target: {fileID: 4661321904486582, guid: 6feb631b9ce5ff940802dd0f457bf373, type: 3}
      propertyPath: m_LocalEulerAnglesHint.x
      value: 0
      objectReference: {fileID: 0}
    - target: {fileID: 4661321904486582, guid: 6feb631b9ce5ff940802dd0f457bf373, type: 3}
      propertyPath: m_LocalEulerAnglesHint.y
      value: 90
      objectReference: {fileID: 0}
    - target: {fileID: 4661321904486582, guid: 6feb631b9ce5ff940802dd0f457bf373, type: 3}
      propertyPath: m_LocalEulerAnglesHint.z
      value: 0
      objectReference: {fileID: 0}
    - target: {fileID: 4661321904486582, guid: 6feb631b9ce5ff940802dd0f457bf373, type: 3}
      propertyPath: m_LocalScale.x
      value: 1.5
      objectReference: {fileID: 0}
    - target: {fileID: 4661321904486582, guid: 6feb631b9ce5ff940802dd0f457bf373, type: 3}
      propertyPath: m_LocalScale.y
      value: 1.5
      objectReference: {fileID: 0}
    - target: {fileID: 4661321904486582, guid: 6feb631b9ce5ff940802dd0f457bf373, type: 3}
      propertyPath: m_LocalScale.z
      value: 1.5
      objectReference: {fileID: 0}
    - target: {fileID: 23329896298990374, guid: 6feb631b9ce5ff940802dd0f457bf373,
        type: 3}
      propertyPath: m_Materials.Array.data[0]
      value: 
      objectReference: {fileID: 2100000, guid: b911944f48bd1e544a2fcd200cac83ad, type: 2}
    m_RemovedComponents: []
  m_SourcePrefab: {fileID: 100100000, guid: 6feb631b9ce5ff940802dd0f457bf373, type: 3}
--- !u!4 &1148299520668330714 stripped
Transform:
  m_CorrespondingSourceObject: {fileID: 4661321904486582, guid: 6feb631b9ce5ff940802dd0f457bf373,
    type: 3}
  m_PrefabInstance: {fileID: 1152669880011657836}
  m_PrefabAsset: {fileID: 0}
--- !u!1001 &3727951658160744689
PrefabInstance:
  m_ObjectHideFlags: 0
  serializedVersion: 2
  m_Modification:
    m_TransformParent: {fileID: 5100186221816419547}
    m_Modifications:
    - target: {fileID: 1326242154806616, guid: 6feb631b9ce5ff940802dd0f457bf373, type: 3}
      propertyPath: m_Name
      value: SM_Env_Fence_White_Straight_01 (4)
      objectReference: {fileID: 0}
    - target: {fileID: 4661321904486582, guid: 6feb631b9ce5ff940802dd0f457bf373, type: 3}
      propertyPath: m_LocalPosition.x
      value: 11.92
      objectReference: {fileID: 0}
    - target: {fileID: 4661321904486582, guid: 6feb631b9ce5ff940802dd0f457bf373, type: 3}
      propertyPath: m_LocalPosition.y
      value: -0.21
      objectReference: {fileID: 0}
    - target: {fileID: 4661321904486582, guid: 6feb631b9ce5ff940802dd0f457bf373, type: 3}
      propertyPath: m_LocalPosition.z
      value: 40.61
      objectReference: {fileID: 0}
    - target: {fileID: 4661321904486582, guid: 6feb631b9ce5ff940802dd0f457bf373, type: 3}
      propertyPath: m_LocalRotation.x
      value: 0
      objectReference: {fileID: 0}
    - target: {fileID: 4661321904486582, guid: 6feb631b9ce5ff940802dd0f457bf373, type: 3}
      propertyPath: m_LocalRotation.y
      value: 0.7071068
      objectReference: {fileID: 0}
    - target: {fileID: 4661321904486582, guid: 6feb631b9ce5ff940802dd0f457bf373, type: 3}
      propertyPath: m_LocalRotation.z
      value: 0
      objectReference: {fileID: 0}
    - target: {fileID: 4661321904486582, guid: 6feb631b9ce5ff940802dd0f457bf373, type: 3}
      propertyPath: m_LocalRotation.w
      value: 0.7071068
      objectReference: {fileID: 0}
    - target: {fileID: 4661321904486582, guid: 6feb631b9ce5ff940802dd0f457bf373, type: 3}
      propertyPath: m_RootOrder
      value: 4
      objectReference: {fileID: 0}
    - target: {fileID: 4661321904486582, guid: 6feb631b9ce5ff940802dd0f457bf373, type: 3}
      propertyPath: m_LocalEulerAnglesHint.x
      value: 0
      objectReference: {fileID: 0}
    - target: {fileID: 4661321904486582, guid: 6feb631b9ce5ff940802dd0f457bf373, type: 3}
      propertyPath: m_LocalEulerAnglesHint.y
      value: 90
      objectReference: {fileID: 0}
    - target: {fileID: 4661321904486582, guid: 6feb631b9ce5ff940802dd0f457bf373, type: 3}
      propertyPath: m_LocalEulerAnglesHint.z
      value: 0
      objectReference: {fileID: 0}
    - target: {fileID: 4661321904486582, guid: 6feb631b9ce5ff940802dd0f457bf373, type: 3}
      propertyPath: m_LocalScale.x
      value: 1.5
      objectReference: {fileID: 0}
    - target: {fileID: 4661321904486582, guid: 6feb631b9ce5ff940802dd0f457bf373, type: 3}
      propertyPath: m_LocalScale.y
      value: 1.5
      objectReference: {fileID: 0}
    - target: {fileID: 4661321904486582, guid: 6feb631b9ce5ff940802dd0f457bf373, type: 3}
      propertyPath: m_LocalScale.z
      value: 1.5
      objectReference: {fileID: 0}
    - target: {fileID: 23329896298990374, guid: 6feb631b9ce5ff940802dd0f457bf373,
        type: 3}
      propertyPath: m_Materials.Array.data[0]
      value: 
      objectReference: {fileID: 2100000, guid: b911944f48bd1e544a2fcd200cac83ad, type: 2}
    m_RemovedComponents: []
  m_SourcePrefab: {fileID: 100100000, guid: 6feb631b9ce5ff940802dd0f457bf373, type: 3}
--- !u!4 &3723587638187462727 stripped
Transform:
  m_CorrespondingSourceObject: {fileID: 4661321904486582, guid: 6feb631b9ce5ff940802dd0f457bf373,
    type: 3}
  m_PrefabInstance: {fileID: 3727951658160744689}
  m_PrefabAsset: {fileID: 0}
--- !u!1001 &4298053913874409773
PrefabInstance:
  m_ObjectHideFlags: 0
  serializedVersion: 2
  m_Modification:
    m_TransformParent: {fileID: 5100186221816419547}
    m_Modifications:
    - target: {fileID: 1326242154806616, guid: 6feb631b9ce5ff940802dd0f457bf373, type: 3}
      propertyPath: m_Name
      value: SM_Env_Fence_White_Straight_01 (2)
      objectReference: {fileID: 0}
    - target: {fileID: 4661321904486582, guid: 6feb631b9ce5ff940802dd0f457bf373, type: 3}
      propertyPath: m_LocalPosition.x
      value: 11.92
      objectReference: {fileID: 0}
    - target: {fileID: 4661321904486582, guid: 6feb631b9ce5ff940802dd0f457bf373, type: 3}
      propertyPath: m_LocalPosition.y
      value: -0.21
      objectReference: {fileID: 0}
    - target: {fileID: 4661321904486582, guid: 6feb631b9ce5ff940802dd0f457bf373, type: 3}
      propertyPath: m_LocalPosition.z
      value: 34.02
      objectReference: {fileID: 0}
    - target: {fileID: 4661321904486582, guid: 6feb631b9ce5ff940802dd0f457bf373, type: 3}
      propertyPath: m_LocalRotation.x
      value: 0
      objectReference: {fileID: 0}
    - target: {fileID: 4661321904486582, guid: 6feb631b9ce5ff940802dd0f457bf373, type: 3}
      propertyPath: m_LocalRotation.y
      value: 0.7071068
      objectReference: {fileID: 0}
    - target: {fileID: 4661321904486582, guid: 6feb631b9ce5ff940802dd0f457bf373, type: 3}
      propertyPath: m_LocalRotation.z
      value: 0
      objectReference: {fileID: 0}
    - target: {fileID: 4661321904486582, guid: 6feb631b9ce5ff940802dd0f457bf373, type: 3}
      propertyPath: m_LocalRotation.w
      value: 0.7071068
      objectReference: {fileID: 0}
    - target: {fileID: 4661321904486582, guid: 6feb631b9ce5ff940802dd0f457bf373, type: 3}
      propertyPath: m_RootOrder
      value: 2
      objectReference: {fileID: 0}
    - target: {fileID: 4661321904486582, guid: 6feb631b9ce5ff940802dd0f457bf373, type: 3}
      propertyPath: m_LocalEulerAnglesHint.x
      value: 0
      objectReference: {fileID: 0}
    - target: {fileID: 4661321904486582, guid: 6feb631b9ce5ff940802dd0f457bf373, type: 3}
      propertyPath: m_LocalEulerAnglesHint.y
      value: 90
      objectReference: {fileID: 0}
    - target: {fileID: 4661321904486582, guid: 6feb631b9ce5ff940802dd0f457bf373, type: 3}
      propertyPath: m_LocalEulerAnglesHint.z
      value: 0
      objectReference: {fileID: 0}
    - target: {fileID: 4661321904486582, guid: 6feb631b9ce5ff940802dd0f457bf373, type: 3}
      propertyPath: m_LocalScale.x
      value: 1.5
      objectReference: {fileID: 0}
    - target: {fileID: 4661321904486582, guid: 6feb631b9ce5ff940802dd0f457bf373, type: 3}
      propertyPath: m_LocalScale.y
      value: 1.5
      objectReference: {fileID: 0}
    - target: {fileID: 4661321904486582, guid: 6feb631b9ce5ff940802dd0f457bf373, type: 3}
      propertyPath: m_LocalScale.z
      value: 1.5
      objectReference: {fileID: 0}
    - target: {fileID: 23329896298990374, guid: 6feb631b9ce5ff940802dd0f457bf373,
        type: 3}
      propertyPath: m_Materials.Array.data[0]
      value: 
      objectReference: {fileID: 2100000, guid: b911944f48bd1e544a2fcd200cac83ad, type: 2}
    m_RemovedComponents: []
  m_SourcePrefab: {fileID: 100100000, guid: 6feb631b9ce5ff940802dd0f457bf373, type: 3}
--- !u!4 &4302430994297442715 stripped
Transform:
  m_CorrespondingSourceObject: {fileID: 4661321904486582, guid: 6feb631b9ce5ff940802dd0f457bf373,
    type: 3}
  m_PrefabInstance: {fileID: 4298053913874409773}
  m_PrefabAsset: {fileID: 0}
--- !u!1001 &5821985955866872260
PrefabInstance:
  m_ObjectHideFlags: 0
  serializedVersion: 2
  m_Modification:
    m_TransformParent: {fileID: 5100186221816419547}
    m_Modifications:
    - target: {fileID: 1326242154806616, guid: 6feb631b9ce5ff940802dd0f457bf373, type: 3}
      propertyPath: m_Name
      value: SM_Env_Fence_White_Straight_01 (5)
      objectReference: {fileID: 0}
    - target: {fileID: 4661321904486582, guid: 6feb631b9ce5ff940802dd0f457bf373, type: 3}
      propertyPath: m_LocalPosition.x
      value: 11.92
      objectReference: {fileID: 0}
    - target: {fileID: 4661321904486582, guid: 6feb631b9ce5ff940802dd0f457bf373, type: 3}
      propertyPath: m_LocalPosition.y
      value: -0.21
      objectReference: {fileID: 0}
    - target: {fileID: 4661321904486582, guid: 6feb631b9ce5ff940802dd0f457bf373, type: 3}
      propertyPath: m_LocalPosition.z
      value: 43.89
      objectReference: {fileID: 0}
    - target: {fileID: 4661321904486582, guid: 6feb631b9ce5ff940802dd0f457bf373, type: 3}
      propertyPath: m_LocalRotation.x
      value: 0
      objectReference: {fileID: 0}
    - target: {fileID: 4661321904486582, guid: 6feb631b9ce5ff940802dd0f457bf373, type: 3}
      propertyPath: m_LocalRotation.y
      value: 0.7071068
      objectReference: {fileID: 0}
    - target: {fileID: 4661321904486582, guid: 6feb631b9ce5ff940802dd0f457bf373, type: 3}
      propertyPath: m_LocalRotation.z
      value: 0
      objectReference: {fileID: 0}
    - target: {fileID: 4661321904486582, guid: 6feb631b9ce5ff940802dd0f457bf373, type: 3}
      propertyPath: m_LocalRotation.w
      value: 0.7071068
      objectReference: {fileID: 0}
    - target: {fileID: 4661321904486582, guid: 6feb631b9ce5ff940802dd0f457bf373, type: 3}
      propertyPath: m_RootOrder
      value: 5
      objectReference: {fileID: 0}
    - target: {fileID: 4661321904486582, guid: 6feb631b9ce5ff940802dd0f457bf373, type: 3}
      propertyPath: m_LocalEulerAnglesHint.x
      value: 0
      objectReference: {fileID: 0}
    - target: {fileID: 4661321904486582, guid: 6feb631b9ce5ff940802dd0f457bf373, type: 3}
      propertyPath: m_LocalEulerAnglesHint.y
      value: 90
      objectReference: {fileID: 0}
    - target: {fileID: 4661321904486582, guid: 6feb631b9ce5ff940802dd0f457bf373, type: 3}
      propertyPath: m_LocalEulerAnglesHint.z
      value: 0
      objectReference: {fileID: 0}
    - target: {fileID: 4661321904486582, guid: 6feb631b9ce5ff940802dd0f457bf373, type: 3}
      propertyPath: m_LocalScale.x
      value: 1.5
      objectReference: {fileID: 0}
    - target: {fileID: 4661321904486582, guid: 6feb631b9ce5ff940802dd0f457bf373, type: 3}
      propertyPath: m_LocalScale.y
      value: 1.5
      objectReference: {fileID: 0}
    - target: {fileID: 4661321904486582, guid: 6feb631b9ce5ff940802dd0f457bf373, type: 3}
      propertyPath: m_LocalScale.z
      value: 1.5
      objectReference: {fileID: 0}
    - target: {fileID: 23329896298990374, guid: 6feb631b9ce5ff940802dd0f457bf373,
        type: 3}
      propertyPath: m_Materials.Array.data[0]
      value: 
      objectReference: {fileID: 2100000, guid: b911944f48bd1e544a2fcd200cac83ad, type: 2}
    m_RemovedComponents: []
  m_SourcePrefab: {fileID: 100100000, guid: 6feb631b9ce5ff940802dd0f457bf373, type: 3}
--- !u!4 &5826345186406363506 stripped
Transform:
  m_CorrespondingSourceObject: {fileID: 4661321904486582, guid: 6feb631b9ce5ff940802dd0f457bf373,
    type: 3}
  m_PrefabInstance: {fileID: 5821985955866872260}
  m_PrefabAsset: {fileID: 0}
--- !u!1001 &8889269391836190085
PrefabInstance:
  m_ObjectHideFlags: 0
  serializedVersion: 2
  m_Modification:
    m_TransformParent: {fileID: 5100186221816419547}
    m_Modifications:
    - target: {fileID: 1326242154806616, guid: 6feb631b9ce5ff940802dd0f457bf373, type: 3}
      propertyPath: m_Name
      value: SM_Env_Fence_White_Straight_01
      objectReference: {fileID: 0}
    - target: {fileID: 4661321904486582, guid: 6feb631b9ce5ff940802dd0f457bf373, type: 3}
      propertyPath: m_LocalPosition.x
      value: 11.92
      objectReference: {fileID: 0}
    - target: {fileID: 4661321904486582, guid: 6feb631b9ce5ff940802dd0f457bf373, type: 3}
      propertyPath: m_LocalPosition.y
      value: -0.21
      objectReference: {fileID: 0}
    - target: {fileID: 4661321904486582, guid: 6feb631b9ce5ff940802dd0f457bf373, type: 3}
      propertyPath: m_LocalPosition.z
      value: 27.44
      objectReference: {fileID: 0}
    - target: {fileID: 4661321904486582, guid: 6feb631b9ce5ff940802dd0f457bf373, type: 3}
      propertyPath: m_LocalRotation.x
      value: 0
      objectReference: {fileID: 0}
    - target: {fileID: 4661321904486582, guid: 6feb631b9ce5ff940802dd0f457bf373, type: 3}
      propertyPath: m_LocalRotation.y
      value: 0.7071068
      objectReference: {fileID: 0}
    - target: {fileID: 4661321904486582, guid: 6feb631b9ce5ff940802dd0f457bf373, type: 3}
      propertyPath: m_LocalRotation.z
      value: 0
      objectReference: {fileID: 0}
    - target: {fileID: 4661321904486582, guid: 6feb631b9ce5ff940802dd0f457bf373, type: 3}
      propertyPath: m_LocalRotation.w
      value: 0.7071068
      objectReference: {fileID: 0}
    - target: {fileID: 4661321904486582, guid: 6feb631b9ce5ff940802dd0f457bf373, type: 3}
      propertyPath: m_RootOrder
      value: 0
      objectReference: {fileID: 0}
    - target: {fileID: 4661321904486582, guid: 6feb631b9ce5ff940802dd0f457bf373, type: 3}
      propertyPath: m_LocalEulerAnglesHint.x
      value: 0
      objectReference: {fileID: 0}
    - target: {fileID: 4661321904486582, guid: 6feb631b9ce5ff940802dd0f457bf373, type: 3}
      propertyPath: m_LocalEulerAnglesHint.y
      value: 90
      objectReference: {fileID: 0}
    - target: {fileID: 4661321904486582, guid: 6feb631b9ce5ff940802dd0f457bf373, type: 3}
      propertyPath: m_LocalEulerAnglesHint.z
      value: 0
      objectReference: {fileID: 0}
    - target: {fileID: 4661321904486582, guid: 6feb631b9ce5ff940802dd0f457bf373, type: 3}
      propertyPath: m_LocalScale.x
      value: 1.5
      objectReference: {fileID: 0}
    - target: {fileID: 4661321904486582, guid: 6feb631b9ce5ff940802dd0f457bf373, type: 3}
      propertyPath: m_LocalScale.y
      value: 1.5
      objectReference: {fileID: 0}
    - target: {fileID: 4661321904486582, guid: 6feb631b9ce5ff940802dd0f457bf373, type: 3}
      propertyPath: m_LocalScale.z
      value: 1.5
      objectReference: {fileID: 0}
    - target: {fileID: 23329896298990374, guid: 6feb631b9ce5ff940802dd0f457bf373,
        type: 3}
      propertyPath: m_Materials.Array.data[0]
      value: 
      objectReference: {fileID: 2100000, guid: b911944f48bd1e544a2fcd200cac83ad, type: 2}
    m_RemovedComponents: []
  m_SourcePrefab: {fileID: 100100000, guid: 6feb631b9ce5ff940802dd0f457bf373, type: 3}
--- !u!4 &8884907278837935411 stripped
Transform:
  m_CorrespondingSourceObject: {fileID: 4661321904486582, guid: 6feb631b9ce5ff940802dd0f457bf373,
    type: 3}
  m_PrefabInstance: {fileID: 8889269391836190085}
  m_PrefabAsset: {fileID: 0}
--- !u!1001 &8917068737286626586
PrefabInstance:
  m_ObjectHideFlags: 0
  serializedVersion: 2
  m_Modification:
    m_TransformParent: {fileID: 5100186221816419547}
    m_Modifications:
    - target: {fileID: 1326242154806616, guid: 6feb631b9ce5ff940802dd0f457bf373, type: 3}
      propertyPath: m_Name
      value: SM_Env_Fence_White_Straight_01 (1)
      objectReference: {fileID: 0}
    - target: {fileID: 4661321904486582, guid: 6feb631b9ce5ff940802dd0f457bf373, type: 3}
      propertyPath: m_LocalPosition.x
      value: 11.92
      objectReference: {fileID: 0}
    - target: {fileID: 4661321904486582, guid: 6feb631b9ce5ff940802dd0f457bf373, type: 3}
      propertyPath: m_LocalPosition.y
      value: -0.21
      objectReference: {fileID: 0}
    - target: {fileID: 4661321904486582, guid: 6feb631b9ce5ff940802dd0f457bf373, type: 3}
      propertyPath: m_LocalPosition.z
      value: 30.74
      objectReference: {fileID: 0}
    - target: {fileID: 4661321904486582, guid: 6feb631b9ce5ff940802dd0f457bf373, type: 3}
      propertyPath: m_LocalRotation.x
      value: 0
      objectReference: {fileID: 0}
    - target: {fileID: 4661321904486582, guid: 6feb631b9ce5ff940802dd0f457bf373, type: 3}
      propertyPath: m_LocalRotation.y
      value: 0.7071068
      objectReference: {fileID: 0}
    - target: {fileID: 4661321904486582, guid: 6feb631b9ce5ff940802dd0f457bf373, type: 3}
      propertyPath: m_LocalRotation.z
      value: 0
      objectReference: {fileID: 0}
    - target: {fileID: 4661321904486582, guid: 6feb631b9ce5ff940802dd0f457bf373, type: 3}
      propertyPath: m_LocalRotation.w
      value: 0.7071068
      objectReference: {fileID: 0}
    - target: {fileID: 4661321904486582, guid: 6feb631b9ce5ff940802dd0f457bf373, type: 3}
      propertyPath: m_RootOrder
      value: 1
      objectReference: {fileID: 0}
    - target: {fileID: 4661321904486582, guid: 6feb631b9ce5ff940802dd0f457bf373, type: 3}
      propertyPath: m_LocalEulerAnglesHint.x
      value: 0
      objectReference: {fileID: 0}
    - target: {fileID: 4661321904486582, guid: 6feb631b9ce5ff940802dd0f457bf373, type: 3}
      propertyPath: m_LocalEulerAnglesHint.y
      value: 90
      objectReference: {fileID: 0}
    - target: {fileID: 4661321904486582, guid: 6feb631b9ce5ff940802dd0f457bf373, type: 3}
      propertyPath: m_LocalEulerAnglesHint.z
      value: 0
      objectReference: {fileID: 0}
    - target: {fileID: 4661321904486582, guid: 6feb631b9ce5ff940802dd0f457bf373, type: 3}
      propertyPath: m_LocalScale.x
      value: 1.5
      objectReference: {fileID: 0}
    - target: {fileID: 4661321904486582, guid: 6feb631b9ce5ff940802dd0f457bf373, type: 3}
      propertyPath: m_LocalScale.y
      value: 1.5
      objectReference: {fileID: 0}
    - target: {fileID: 4661321904486582, guid: 6feb631b9ce5ff940802dd0f457bf373, type: 3}
      propertyPath: m_LocalScale.z
      value: 1.5
      objectReference: {fileID: 0}
    - target: {fileID: 23329896298990374, guid: 6feb631b9ce5ff940802dd0f457bf373,
        type: 3}
      propertyPath: m_Materials.Array.data[0]
      value: 
      objectReference: {fileID: 2100000, guid: b911944f48bd1e544a2fcd200cac83ad, type: 2}
    m_RemovedComponents: []
  m_SourcePrefab: {fileID: 100100000, guid: 6feb631b9ce5ff940802dd0f457bf373, type: 3}
--- !u!4 &8912418840138818988 stripped
Transform:
  m_CorrespondingSourceObject: {fileID: 4661321904486582, guid: 6feb631b9ce5ff940802dd0f457bf373,
    type: 3}
  m_PrefabInstance: {fileID: 8917068737286626586}
  m_PrefabAsset: {fileID: 0}
